3120 4958
612 363 831 425 ..51-

138 551 235 638 οὐύὲν
269 574 372 644 οὕτως
405 574 452 644 ὡς
483 573 522 637 τὸ
553 576 660 660 φέρειν
683 574 870 649 ἀναστέλλει,
900 572 955 640 καὶ
978 573 1018 639 τὸ
1040 576 1177 658 ἡσύχιον
1200 576 1315 657 γίνεται

139 680 302 767 διατροπή.

248 784 365 872 Magis
408 784 444 851 in
484 785 706 872 periodorum
750 809 865 875 genus
903 809 965 854 eae
1001 787 1190 854 verborum
1235 808 1315 853 con-

139 891 358 960 tinuationes
383 894 523 978 cadunt,
551 915 642 980 quae
663 895 770 960 modo
793 892 1007 962 dilemmatis
1030 904 1230 962 exstructae
1252 915 1316 981 per

139 999 197 1068 καὶ
220 998 381 1067 adiciunt
405 1001 673 1066 concludentem
698 1000 912 1068 sententiam
936 1002 1036 1069 velut

248 1110 394 1174 111364.
429 1111 459 1173 εί
477 1110 536 1191 μὲν
559 1111 803 1192 ἀποστρέφομαι
827 1111 966 1194 σίδηρον,
990 1112 1078 1186 ἄξιός
1096 1114 1157 1195 εἶμι
1174 1162 1180 1175 .
1198 1157 1215 1186 .,
1239 1106 1269 1178 εί
1285 1099 1320 1175 d‘

140 1218 308 1299 εἰσέρχεται
342 1216 456 1304 φειδώ,
492 1217 590 1298 πόσῳ
614 1217 814 1299 δικαιότερον
836 1218 989 1295 σίοέλύοι,
1022 1220 1075 1283 καὶ
1109 1219 1169 1306 γὰρ
1193 1219 1322 1302 ἠλίθιον

141 1328 238 1387 ταῦτα
261 1322 342 1406 ἀρᾶν
365 1351 401 1380 ω
425 1324 459 1386 ΙΙ
479 1326 551 1387 349.

250 1447 437 1530 Quomodo
462 1458 581 1514 autem
596 1447 774 1534 Josephus
798 1446 834 1513 in
852 1446 1147 1536 descriptionibus
1170 1459 1206 1515 et
1228 1470 1325 1535 pug-

140 1575 268 1620 narum
292 1565 328 1620 et
351 1553 537 1640 regionum
566 1565 602 1621 et
628 1576 767 1620 morum
796 1576 910 1640 genus
937 1553 1191 1642 paratacticum
1219 1554 1319 1622 adhi-

141 1658 259 1727 buerit
282 1671 345 1728 aut
366 1660 558 1728 mutaverit
581 1660 848 1747 variaveritque,
873 1673 985 1727 certos
1009 1683 1094 1727 usus
1118 1660 1257 1727 dicendi
1281 1672 1327 1728 et.

140 1768 300 1833 membra
335 1768 568 1854 componendi
607 1767 811 1854 repetiverit
845 1778 881 1834 et
915 1767 1163 1852 observaverit,
1200 1768 1316 1854 magis

142 1895 250 1960 quarn
267 1874 426 1941 doctrina
449 1897 552 1961 posse
574 1874 740 1961 cognosci
764 1874 913 1941 arbitror
932 1874 1102 1962 exemplis
1126 1873 1211 1962 ipsis
1227 1896 1325 1962 quae.

142 2002 241 2047 nunc
264 2003 413 2068 appono,

255 2124 284 2212 1)
307 2146 511 2212 pugnarum
535 2124 795 2212 descriptiones.

251 2253 397 2317 111247.
433 2259 500 2318 τῶν
523 2254 669 2340 ὀργάνων
692 2256 912 2342 φοβερώτερος
934 2255 952 2318 ὁ
976 2255 1090 2337 ῥοῖζος,

434 2366 501 2424 τῶν
526 2360 560 2424 δὲ
582 2360 790 2443 βαλλομένων
811 2359 850 2449 ἦν
873 2362 892 2425 ύ
914 2361 1033 2444 ψόφος.

435 2466 613 2551 ἐπάλληλοι
637 2468 672 2532 δὲ
695 2467 864 2533 ἐκτύπουν
887 2518 894 2531 .
919 2518 925 2531 .
949 2470 1075 2550 νεκροί·

358 2574 411 2638 καὶ
436 2574 521 2658 δεινὴ
545 2572 607 2657 μὲν
629 2575 753 2657 κραυγὴ
777 2576 924 2659 ἠγείρετο,

435 2683 591 2764 σινήχουν
614 2682 649 2746 δέ
673 2681 818 2765 οἰμωγαὶ,

435 2787 547 2870 αἵματι
572 2775 601 2852 δ’
617 2789 739 2872 ἐρρεῖτο
762 2793 825 2858 πᾶς
848 2787 866 2850 ὁ
889 2787 1073 2869 περίβολος,

358 2894 412 2959 καὶ
434 2895 618 2978 προσβατὸν
640 2895 679 2959 τὸ
701 2898 804 2978 τεῖχος
827 2892 980 2976 ἐγίγνετο.

435 3003 667 3084 φοβερωτέραν
691 2990 720 3066 d'
736 3000 865 3067 ἐποίουν
886 3000 924 3063 τὰ
948 3001 1008 3082 ὄρη

361 3108 414 3172 καὶ
438 3109 531 3172 οὐδέν

489 3217 565 3280 οὔτε
589 3217 631 3286 εἰς
654 3216 754 3298 ἀκοῆς

490 3311 559 3386 οὔτ’
576 3323 621 3393 εἰς
644 3323 758 3408 ὄψεως
781 3323 982 3405 κατάπληξιν
1005 3321 1200 3386 ἀπελείπετο.

438 3428 584 3493 πλεῖστοι
606 3429 665 3510 μέν
689 3425 817 3503 ἔπεσον,

437 3535 582 3600 πλεῖστοι
605 3533 641 3600 δὲ
665 3535 811 3617 ἐγένοντο
832 3536 1028 3618 τραυματίαι,

362 3642 416 3707 καί
437 3642 529 3724 μόλις
551 3641 590 3706 τὸ
612 3645 718 3725 τεῖχος
740 3642 911 3722 ἐνδίδωσιν,

438 3752 472 3813 οἳ
492 3749 526 3813 δέ
549 3750 790 3835 ἀντωχύρωσαν.

256 3894 307 3960 VI
328 3896 369 3960 76
394 3892 441 3976 (ω
464 3895 607 3974 111276,
632 3894 775 3976 111314,
799 3894 850 3959 VI
869 3895 942 3974 257,
966 3894 999 3959 V
1015 3891 1101 3977 286).

439 4003 643 4086 συρρήγνυται
664 4003 752 4084 νάιοι
777 4001 928 4083 sparena,

438 4114 502 4171 τῶν
524 4107 584 4190 μέν
607 4104 871 4192 εἰσβιαζομένων,

439 4221 503 4280 τῶν
525 4214 563 4282 δὲ
586 4216 807 4290 ἐξωθούντων,
