<?xml version="1.0" encoding="UTF-8"?>
<!DOCTYPE html PUBLIC "-//W3C//DTD XHTML 1.0 Transitional//EN"
    "http://www.w3.org/TR/xhtml1/DTD/xhtml1-transitional.dtd">
<html xmlns="http://www.w3.org/1999/xhtml" xml:lang="en" lang="en">
 <head>
  <title>
</title>
<meta http-equiv="Content-Type" content="text/html;charset=utf-8" />
  <meta name='ocr-system' content='tesseract 3.04.00' />
  <meta name='ocr-capabilities' content='ocr_page ocr_carea ocr_par ocr_line ocrx_word'/>
</head>
<body>
  <div class='ocr_page' id='page_1' title='image "./deflaviiiosephi01wolfgoog_0051.png"; bbox 0 0 3120 4958; ppageno 0'>
   <div class='ocr_carea' id='block_1_1' title="bbox 747 308 967 368">
    <p class='ocr_par' dir='ltr' id='par_1_1' title="bbox 747 308 967 368">
     <span class='ocr_line' id='line_1_1' title="bbox 747 308 967 368; baseline -0.009 -16"><span class='ocrx_word' id='word_1_1' title='bbox 747 308 967 368; x_wconf 72' lang='lat'>„44-</span> 
     </span>
    </p>
   </div>
   <div class='ocr_carea' id='block_1_2' title="bbox 268 513 1452 1990">
    <p class='ocr_par' dir='ltr' id='par_1_2' title="bbox 268 513 1452 710">
     <span class='ocr_line' id='line_1_2' title="bbox 378 513 1452 603; baseline -0.003 -21"><span class='ocrx_word' id='word_1_2' title='bbox 378 520 414 582; x_wconf 87' lang='lat'>11</span> <span class='ocrx_word' id='word_1_3' title='bbox 432 522 504 582; x_wconf 86' lang='lat'><strong>278.</strong></span> <span class='ocrx_word' id='word_1_4' title='bbox 539 517 673 589; x_wconf 83' lang='grc' dir='ltr'><strong><em>Γέσσιος</em></strong></span> <span class='ocrx_word' id='word_1_5' title='bbox 692 517 824 603; x_wconf 80' lang='grc' dir='ltr'><em>Φλῶρος</em></span> <span class='ocrx_word' id='word_1_6' title='bbox 846 516 886 600; x_wconf 80' lang='grc' dir='ltr'>ἦν</span> <span class='ocrx_word' id='word_1_7' title='bbox 906 515 968 599; x_wconf 85' lang='grc' dir='ltr'>μὲν</span> <span class='ocrx_word' id='word_1_8' title='bbox 984 517 1017 580; x_wconf 75' lang='grc' dir='ltr'>ἐν</span> <span class='ocrx_word' id='word_1_9' title='bbox 1031 520 1096 586; x_wconf 89' lang='grc' dir='ltr'><strong><em>τοῖς</em></strong></span> <span class='ocrx_word' id='word_1_10' title='bbox 1111 515 1257 592; x_wconf 81' lang='grc' dir='ltr'><strong><em>ἐλεεινοῖς</em></strong></span> <span class='ocrx_word' id='word_1_11' title='bbox 1272 513 1452 596; x_wconf 79' lang='grc' dir='ltr'><strong><em>ὠμότατος,</em></strong></span> 
     </span>
     <span class='ocr_line' id='line_1_3' title="bbox 268 621 873 710; baseline -0.007 -19"><span class='ocrx_word' id='word_1_12' title='bbox 268 628 304 691; x_wconf 76' lang='grc' dir='ltr'>ἐν</span> <span class='ocrx_word' id='word_1_13' title='bbox 327 626 362 692; x_wconf 80' lang='grc' dir='ltr'>δὲ</span> <span class='ocrx_word' id='word_1_14' title='bbox 383 630 451 697; x_wconf 88' lang='grc' dir='ltr'><strong><em>τοῖς</em></strong></span> <span class='ocrx_word' id='word_1_15' title='bbox 474 621 616 710; x_wconf 82' lang='grc' dir='ltr'><strong><em>αἰσχροῖς</em></strong></span> <span class='ocrx_word' id='word_1_16' title='bbox 639 622 873 702; x_wconf 78' lang='grc' dir='ltr'><strong><em>ἀναιδέστατος.</em></strong></span> 
     </span>
    </p>

    <p class='ocr_par' dir='ltr' id='par_1_3' title="bbox 269 727 1452 924">
     <span class='ocr_line' id='line_1_4' title="bbox 377 727 1452 820; baseline -0.006 -22"><span class='ocrx_word' id='word_1_17' title='bbox 377 733 428 799; x_wconf 92' lang='lat' dir='ltr'>VI</span> <span class='ocrx_word' id='word_1_18' title='bbox 446 736 496 798; x_wconf 90' lang='lat'>81.</span> <span class='ocrx_word' id='word_1_19' title='bbox 532 734 592 796; x_wconf 84' lang='grc' dir='ltr'><strong><em>οὐκ</em></strong></span> <span class='ocrx_word' id='word_1_20' title='bbox 615 733 743 820; x_wconf 84' lang='grc' dir='ltr'><strong><em>ἄσημος</em></strong></span> <span class='ocrx_word' id='word_1_21' title='bbox 765 733 813 795; x_wconf 82' lang='grc' dir='ltr'>ὢν</span> <span class='ocrx_word' id='word_1_22' title='bbox 836 731 917 814; x_wconf 79' lang='grc' dir='ltr'><strong><em>ἀνὴρ</em></strong></span> <span class='ocrx_word' id='word_1_23' title='bbox 941 731 1057 794; x_wconf 76' lang='grc' dir='ltr'><strong><em>ὅπλων</em></strong></span> <span class='ocrx_word' id='word_1_24' title='bbox 1070 752 1103 794; x_wconf 93' lang='grc' dir='ltr'><strong><em>τε</em></strong></span> <span class='ocrx_word' id='word_1_25' title='bbox 1119 727 1275 810; x_wconf 79' lang='grc' dir='ltr'><strong><em>ἐμπειρίᾳ</em></strong></span> <span class='ocrx_word' id='word_1_26' title='bbox 1296 728 1349 793; x_wconf 79' lang='grc' dir='ltr'>καί</span> <span class='ocrx_word' id='word_1_27' title='bbox 1364 729 1452 812; x_wconf 78' lang='grc' dir='ltr'><em>ἀλκῇ</em></span> 
     </span>
     <span class='ocr_line' id='line_1_5' title="bbox 269 835 1450 924; baseline -0.007 -19"><span class='ocrx_word' id='word_1_28' title='bbox 269 842 425 924; x_wconf 86' lang='grc' dir='ltr'><strong><em>σώματος</em></strong></span> <span class='ocrx_word' id='word_1_29' title='bbox 447 838 502 905; x_wconf 88' lang='grc' dir='ltr'>καὶ</span> <span class='ocrx_word' id='word_1_30' title='bbox 525 845 633 922; x_wconf 78' lang='grc' dir='ltr'><strong><em>ψυχῆς</em></strong></span> <span class='ocrx_word' id='word_1_31' title='bbox 654 839 876 921; x_wconf 82' lang='grc' dir='ltr'><strong><em>παραστήματι</em></strong></span> <span class='ocrx_word' id='word_1_32' title='bbox 890 837 1019 901; x_wconf 87' lang='grc' dir='ltr'><strong><em>πάντων</em></strong></span> <span class='ocrx_word' id='word_1_33' title='bbox 1034 837 1158 920; x_wconf 86' lang='grc' dir='ltr'><strong><em>ἄριστος</em></strong></span> <span class='ocrx_word' id='word_1_34' title='bbox 1169 865 1203 888; x_wconf 67' lang='grc' dir='ltr'>Ν</span> <span class='ocrx_word' id='word_1_35' title='bbox 1217 835 1252 898; x_wconf 88' lang='grc' dir='ltr'>ΙΙ</span> <span class='ocrx_word' id='word_1_36' title='bbox 1268 837 1318 916; x_wconf 85' lang='lat'>60,</span> <span class='ocrx_word' id='word_1_37' title='bbox 1343 835 1379 897; x_wconf 92' lang='lat' dir='ltr'>II</span> <span class='ocrx_word' id='word_1_38' title='bbox 1396 837 1450 898; x_wconf 86' lang='lat'>57.</span> 
     </span>
    </p>

    <p class='ocr_par' dir='ltr' id='par_1_4' title="bbox 272 942 1451 1138">
     <span class='ocr_line' id='line_1_6' title="bbox 378 942 1451 1030; baseline -0.008 -17"><span class='ocrx_word' id='word_1_39' title='bbox 378 947 429 1013; x_wconf 86' lang='lat' dir='ltr'>Vl</span> <span class='ocrx_word' id='word_1_40' title='bbox 450 948 520 1010; x_wconf 87' lang='lat'><strong>169.</strong></span> <span class='ocrx_word' id='word_1_41' title='bbox 556 946 636 1030; x_wconf 85' lang='grc' dir='ltr'><strong><em>ἀνὴρ</em></strong></span> <span class='ocrx_word' id='word_1_42' title='bbox 661 951 759 1027; x_wconf 87' lang='grc' dir='ltr'><strong><em>σῶμα</em></strong></span> <span class='ocrx_word' id='word_1_43' title='bbox 782 944 905 1028; x_wconf 83' lang='grc' dir='ltr'><strong><em>βραχὺς</em></strong></span> <span class='ocrx_word' id='word_1_44' title='bbox 919 942 975 1010; x_wconf 78' lang='grc' dir='ltr'>ναὶ</span> <span class='ocrx_word' id='word_1_45' title='bbox 991 944 1050 1027; x_wconf 80' lang='grc' dir='ltr'><strong><em>τὴν</em></strong></span> <span class='ocrx_word' id='word_1_46' title='bbox 1066 945 1142 1025; x_wconf 79' lang='grc' dir='ltr'><strong><em>ὄψιν</em></strong></span> <span class='ocrx_word' id='word_1_47' title='bbox 1159 942 1451 1025; x_wconf 79' lang='grc' dir='ltr'><strong><em>εὐκαταφρόνητος.</em></strong></span> 
     </span>
     <span class='ocr_line' id='line_1_7' title="bbox 272 1042 1005 1138; baseline -0.007 -18"><span class='ocrx_word' id='word_1_48' title='bbox 272 1056 383 1138; x_wconf 80' lang='grc' dir='ltr'><em>γένους</em></span> <span class='ocrx_word' id='word_1_49' title='bbox 405 1042 439 1117; x_wconf 72' lang='grc' dir='ltr'>θ’</span> <span class='ocrx_word' id='word_1_50' title='bbox 463 1055 558 1118; x_wconf 80' lang='grc' dir='ltr'><strong><em>ἕνεκα</em></strong></span> <span class='ocrx_word' id='word_1_51' title='bbox 580 1052 637 1118; x_wconf 87' lang='grc' dir='ltr'>καὶ</span> <span class='ocrx_word' id='word_1_52' title='bbox 659 1059 724 1116; x_wconf 87' lang='grc' dir='ltr'><strong><em>τῶν</em></strong></span> <span class='ocrx_word' id='word_1_53' title='bbox 746 1053 851 1116; x_wconf 80' lang='grc' dir='ltr'><strong><em>ἄλλων</em></strong></span> <span class='ocrx_word' id='word_1_54' title='bbox 873 1053 1005 1135; x_wconf 81' lang='grc' dir='ltr'><strong><em>ἄσημος.</em></strong></span> 
     </span>
    </p>

    <p class='ocr_par' dir='ltr' id='par_1_5' title="bbox 379 1157 1449 1245">
     <span class='ocr_line' id='line_1_8' title="bbox 379 1157 1449 1245; baseline -0.006 -19"><span class='ocrx_word' id='word_1_55' title='bbox 379 1161 541 1226; x_wconf 85' lang='lat' dir='ltr'>V11196.</span> <span class='ocrx_word' id='word_1_56' title='bbox 575 1160 732 1242; x_wconf 86' lang='grc' dir='ltr'><strong><em>τολμῆσαι</em></strong></span> <span class='ocrx_word' id='word_1_57' title='bbox 760 1158 884 1245; x_wconf 74' lang='grc' dir='ltr'><strong><em>θρασὺς</em></strong></span> <span class='ocrx_word' id='word_1_58' title='bbox 911 1159 965 1224; x_wconf 80' lang='grc' dir='ltr'>καί</span> <span class='ocrx_word' id='word_1_59' title='bbox 993 1157 1076 1223; x_wconf 84' lang='grc' dir='ltr'><strong><em>κατὰ</em></strong></span> <span class='ocrx_word' id='word_1_60' title='bbox 1111 1163 1217 1241; x_wconf 88' lang='grc' dir='ltr'><strong><em>χεῖρας</em></strong></span> <span class='ocrx_word' id='word_1_61' title='bbox 1241 1157 1449 1239; x_wconf 78' lang='grc' dir='ltr'><strong><em>δραστήριος.</em></strong></span> 
     </span>
    </p>

    <p class='ocr_par' dir='ltr' id='par_1_6' title="bbox 272 1264 1452 1464">
     <span class='ocr_line' id='line_1_9' title="bbox 378 1264 1452 1348; baseline -0.006 -16"><span class='ocrx_word' id='word_1_62' title='bbox 378 1268 538 1334; x_wconf 80' lang='lat' dir='ltr'>V11232.</span> <span class='ocrx_word' id='word_1_63' title='bbox 575 1269 638 1330; x_wconf 84' lang='grc' dir='ltr'><strong><em>νέοι</em></strong></span> <span class='ocrx_word' id='word_1_64' title='bbox 672 1264 729 1330; x_wconf 80' lang='grc' dir='ltr'>καὶ</span> <span class='ocrx_word' id='word_1_65' title='bbox 762 1266 914 1348; x_wconf 81' lang='grc' dir='ltr'><strong><em>πολέμων</em></strong></span> <span class='ocrx_word' id='word_1_66' title='bbox 947 1267 1068 1347; x_wconf 83' lang='grc' dir='ltr'><strong><em>ἄπειροι</em></strong></span> <span class='ocrx_word' id='word_1_67' title='bbox 1091 1264 1145 1327; x_wconf 79' lang='grc' dir='ltr'>καὶ</span> <span class='ocrx_word' id='word_1_68' title='bbox 1167 1265 1263 1346; x_wconf 85' lang='grc' dir='ltr'><strong><em>ῥώμη</em></strong></span> <span class='ocrx_word' id='word_1_69' title='bbox 1287 1264 1452 1345; x_wconf 82' lang='grc' dir='ltr'><strong><em>σωμάτων</em></strong></span> 
     </span>
     <span class='ocr_line' id='line_1_10' title="bbox 272 1375 482 1464; baseline -0.014 -26"><span class='ocrx_word' id='word_1_70' title='bbox 272 1375 482 1464; x_wconf 80' lang='grc' dir='ltr'><strong><em>διαφέροντες.</em></strong></span> 
     </span>
    </p>

    <p class='ocr_par' dir='ltr' id='par_1_7' title="bbox 378 1478 1320 1564">
     <span class='ocr_line' id='line_1_11' title="bbox 378 1478 1320 1564; baseline -0.007 -17"><span class='ocrx_word' id='word_1_71' title='bbox 378 1482 538 1547; x_wconf 83' lang='lat' dir='ltr'><strong>V11399.</strong></span> <span class='ocrx_word' id='word_1_72' title='bbox 574 1482 727 1563; x_wconf 83' lang='grc' dir='ltr'><strong><em>φρονήσει</em></strong></span> <span class='ocrx_word' id='word_1_73' title='bbox 751 1480 804 1544; x_wconf 78' lang='grc' dir='ltr'>καί</span> <span class='ocrx_word' id='word_1_74' title='bbox 825 1479 951 1562; x_wconf 75' lang='grc' dir='ltr'><strong><em>παιδείᾳ</em></strong></span> <span class='ocrx_word' id='word_1_75' title='bbox 973 1479 1120 1543; x_wconf 82' lang='grc' dir='ltr'><strong><em>πλεῖστον</em></strong></span> <span class='ocrx_word' id='word_1_76' title='bbox 1144 1478 1320 1564; x_wconf 75' lang='grc' dir='ltr'><strong><em>διαφέρων.</em></strong></span> 
     </span>
    </p>

    <p class='ocr_par' dir='ltr' id='par_1_8' title="bbox 272 1585 1452 1776">
     <span class='ocr_line' id='line_1_12' title="bbox 379 1585 1452 1670; baseline -0.003 -20"><span class='ocrx_word' id='word_1_77' title='bbox 379 1588 431 1654; x_wconf 94' lang='lat' dir='ltr'>IV</span> <span class='ocrx_word' id='word_1_78' title='bbox 448 1589 522 1653; x_wconf 84' lang='lat'><strong>225.</strong></span> <span class='ocrx_word' id='word_1_79' title='bbox 559 1588 639 1670; x_wconf 81' lang='grc' dir='ltr'><strong><em>ἀνὴρ</em></strong></span> <span class='ocrx_word' id='word_1_80' title='bbox 663 1590 699 1665; x_wconf 79' lang='grc' dir='ltr'>ὃς</span> <span class='ocrx_word' id='word_1_81' title='bbox 723 1587 761 1670; x_wconf 77' lang='grc' dir='ltr'>δὴ</span> <span class='ocrx_word' id='word_1_82' title='bbox 779 1587 831 1650; x_wconf 89' lang='grc' dir='ltr'>καὶ</span> <span class='ocrx_word' id='word_1_83' title='bbox 848 1587 1079 1656; x_wconf 73' lang='grc' dir='ltr'><strong><em>πιθανώτατος</em></strong></span> <span class='ocrx_word' id='word_1_84' title='bbox 1095 1585 1197 1650; x_wconf 80' lang='grc' dir='ltr'><strong><em>ἐδόκει</em></strong></span> <span class='ocrx_word' id='word_1_85' title='bbox 1212 1590 1276 1647; x_wconf 85' lang='grc' dir='ltr'><strong><em>τῶν</em></strong></span> <span class='ocrx_word' id='word_1_86' title='bbox 1292 1585 1325 1648; x_wconf 80' lang='grc' dir='ltr'>ἐν</span> <span class='ocrx_word' id='word_1_87' title='bbox 1341 1585 1452 1662; x_wconf 78' lang='grc' dir='ltr'><strong><em>αὐτοῖς</em></strong></span> 
     </span>
     <span class='ocr_line' id='line_1_13' title="bbox 272 1691 1056 1776; baseline -0.004 -18"><span class='ocrx_word' id='word_1_88' title='bbox 272 1701 385 1776; x_wconf 88' lang='grc' dir='ltr'><strong><em>νοῆσαι</em></strong></span> <span class='ocrx_word' id='word_1_89' title='bbox 407 1694 447 1759; x_wconf 88' lang='grc' dir='ltr'><strong><em>τὰ</em></strong></span> <span class='ocrx_word' id='word_1_90' title='bbox 471 1695 587 1760; x_wconf 77' lang='grc' dir='ltr'><strong><em>δέοντα</em></strong></span> <span class='ocrx_word' id='word_1_91' title='bbox 610 1693 723 1758; x_wconf 80' lang='grc' dir='ltr'><strong><em>καὶτὰ</em></strong></span> <span class='ocrx_word' id='word_1_92' title='bbox 746 1691 908 1776; x_wconf 69' lang='grc' dir='ltr'><strong><em>νοηθέντα</em></strong></span> <span class='ocrx_word' id='word_1_93' title='bbox 930 1696 1056 1773; x_wconf 80' lang='grc' dir='ltr'><strong><em>πρᾶξαι.</em></strong></span> 
     </span>
    </p>

    <p class='ocr_par' dir='ltr' id='par_1_9' title="bbox 272 1798 1452 1990">
     <span class='ocr_line' id='line_1_14' title="bbox 380 1798 1452 1887; baseline -0.002 -24"><span class='ocrx_word' id='word_1_94' title='bbox 380 1802 431 1866; x_wconf 92' lang='lat' dir='ltr'>IV</span> <span class='ocrx_word' id='word_1_95' title='bbox 448 1803 520 1864; x_wconf 91' lang='lat'>503.</span> <span class='ocrx_word' id='word_1_96' title='bbox 555 1801 668 1883; x_wconf 88' lang='grc' dir='ltr'><strong><em>Σίμων</em></strong></span> <span class='ocrx_word' id='word_1_97' title='bbox 690 1801 726 1863; x_wconf 87' lang='grc' dir='ltr'><strong><em>τὸ</em></strong></span> <span class='ocrx_word' id='word_1_98' title='bbox 749 1803 840 1882; x_wconf 80' lang='grc' dir='ltr'><strong><em>γένος</em></strong></span> <span class='ocrx_word' id='word_1_99' title='bbox 855 1799 1042 1887; x_wconf 74' lang='grc' dir='ltr'><strong><em>Γερασηνὸς</em></strong></span> <span class='ocrx_word' id='word_1_100' title='bbox 1057 1801 1181 1869; x_wconf 84' lang='grc' dir='ltr'><strong><em>νεανίας</em></strong></span> <span class='ocrx_word' id='word_1_101' title='bbox 1195 1800 1373 1886; x_wconf 76' lang='grc' dir='ltr'><strong><em>πανουργίᾳ</em></strong></span> <span class='ocrx_word' id='word_1_102' title='bbox 1388 1798 1452 1880; x_wconf 74' lang='grc' dir='ltr'>μὲν</span> 
     </span>
     <span class='ocr_line' id='line_1_15' title="bbox 272 1904 1206 1990; baseline -0.001 -20"><span class='ocrx_word' id='word_1_103' title='bbox 272 1909 460 1990; x_wconf 84' lang='grc' dir='ltr'><strong><em>ἡττώμενος,</em></strong></span> <span class='ocrx_word' id='word_1_104' title='bbox 485 1908 565 1990; x_wconf 78' lang='grc' dir='ltr'><em>ἀλκῇ</em></span> <span class='ocrx_word' id='word_1_105' title='bbox 589 1907 624 1972; x_wconf 81' lang='grc' dir='ltr'>δὲ</span> <span class='ocrx_word' id='word_1_106' title='bbox 647 1908 806 1989; x_wconf 85' lang='grc' dir='ltr'><strong><em>σωμάτιον</em></strong></span> <span class='ocrx_word' id='word_1_107' title='bbox 828 1904 885 1970; x_wconf 79' lang='grc' dir='ltr'>καὶ</span> <span class='ocrx_word' id='word_1_108' title='bbox 909 1906 1010 1989; x_wconf 74' lang='grc' dir='ltr'><strong><em>τόλμῃ</em></strong></span> <span class='ocrx_word' id='word_1_109' title='bbox 1036 1906 1206 1987; x_wconf 80' lang='grc' dir='ltr'><strong><em>διαφέρων.</em></strong></span> 
     </span>
    </p>
   </div>
   <div class='ocr_carea' id='block_1_3' title="bbox 274 2364 1452 2666">
    <p class='ocr_par' dir='ltr' id='par_1_10' title="bbox 274 2364 1452 2666">
     <span class='ocr_line' id='line_1_16' title="bbox 364 2364 1452 2453; baseline 0.001 -21"><span class='ocrx_word' id='word_1_110' title='bbox 364 2365 541 2450; x_wconf 83' lang='lat' dir='ltr'><strong>Quoniam</strong></span> <span class='ocrx_word' id='word_1_111' title='bbox 554 2365 665 2453; x_wconf 86' lang='lat' dir='ltr'>igitur</span> <span class='ocrx_word' id='word_1_112' title='bbox 677 2364 713 2431; x_wconf 92' lang='lat' dir='ltr'>in</span> <span class='ocrx_word' id='word_1_113' title='bbox 731 2365 845 2452; x_wconf 89' lang='lat' dir='ltr'>priore</span> <span class='ocrx_word' id='word_1_114' title='bbox 855 2364 1112 2433; x_wconf 82' lang='lat' dir='ltr'>dissertationis</span> <span class='ocrx_word' id='word_1_115' title='bbox 1124 2376 1224 2452; x_wconf 90' lang='lat' dir='ltr'>parte</span> <span class='ocrx_word' id='word_1_116' title='bbox 1236 2364 1322 2432; x_wconf 91' lang='lat' dir='ltr'>satis</span> <span class='ocrx_word' id='word_1_117' title='bbox 1333 2375 1452 2433; x_wconf 90' lang='lat' dir='ltr'>osten-</span> 
     </span>
     <span class='ocr_line' id='line_1_17' title="bbox 274 2472 1452 2559; baseline -0.001 -18"><span class='ocrx_word' id='word_1_118' title='bbox 274 2473 368 2541; x_wconf 89' lang='lat' dir='ltr'>disse</span> <span class='ocrx_word' id='word_1_119' title='bbox 391 2472 478 2538; x_wconf 90' lang='lat' dir='ltr'>mihi</span> <span class='ocrx_word' id='word_1_120' title='bbox 502 2472 631 2556; x_wconf 80' lang='lat' dir='ltr'>uideor,</span> <span class='ocrx_word' id='word_1_121' title='bbox 656 2473 831 2559; x_wconf 91' lang='lat' dir='ltr'>quomodo</span> <span class='ocrx_word' id='word_1_122' title='bbox 854 2474 1033 2559; x_wconf 91' lang='lat' dir='ltr'>Josephus</span> <span class='ocrx_word' id='word_1_123' title='bbox 1056 2496 1111 2539; x_wconf 93' lang='lat' dir='ltr'>res</span> <span class='ocrx_word' id='word_1_124' title='bbox 1135 2484 1171 2538; x_wconf 92' lang='lat' dir='ltr'>et</span> <span class='ocrx_word' id='word_1_125' title='bbox 1194 2485 1452 2559; x_wconf 82' lang='lat' dir='ltr'><strong>argumentum</strong></span> 
     </span>
     <span class='ocr_line' id='line_1_18' title="bbox 274 2581 1111 2666; baseline -0.005 -18"><span class='ocrx_word' id='word_1_126' title='bbox 274 2591 447 2664; x_wconf 87' lang='lat' dir='ltr'>tractaret,</span> <span class='ocrx_word' id='word_1_127' title='bbox 472 2591 665 2663; x_wconf 77' lang='lat' dir='ltr'>exornaret,</span> <span class='ocrx_word' id='word_1_128' title='bbox 690 2591 923 2666; x_wconf 77' lang='lat' dir='ltr'>componeret,</span> <span class='ocrx_word' id='word_1_129' title='bbox 947 2602 1043 2646; x_wconf 91' lang='lat' dir='ltr'>nunc</span> <span class='ocrx_word' id='word_1_130' title='bbox 1066 2581 1111 2646; x_wconf 87' lang='lat' dir='ltr'>ad</span> 
     </span>
    </p>
   </div>
   <div class='ocr_carea' id='block_1_4' title="bbox 737 2777 984 2845">
    <p class='ocr_par' dir='ltr' id='par_1_11' title="bbox 737 2777 984 2845">
     <span class='ocr_line' id='line_1_19' title="bbox 737 2777 984 2845; baseline -0.004 -1"><span class='ocrx_word' id='word_1_131' title='bbox 737 2777 984 2845; x_wconf 73' lang='lat' dir='ltr'>elocutionem</span> 
     </span>
    </p>
   </div>
   <div class='ocr_carea' id='block_1_5' title="bbox 274 2917 1451 3542">
    <p class='ocr_par' dir='ltr' id='par_1_12' title="bbox 274 2917 1451 3095">
     <span class='ocr_line' id='line_1_20' title="bbox 274 2917 1451 3009; baseline 0.003 -23"><span class='ocrx_word' id='word_1_132' title='bbox 274 2929 424 3003; x_wconf 91' lang='lat' dir='ltr'>transeo,</span> <span class='ocrx_word' id='word_1_133' title='bbox 448 2940 538 3005; x_wconf 89' lang='lat' dir='ltr'>quae</span> <span class='ocrx_word' id='word_1_134' title='bbox 561 2917 685 3006; x_wconf 90' lang='lat' dir='ltr'>quanti</span> <span class='ocrx_word' id='word_1_135' title='bbox 702 2920 746 2985; x_wconf 94' lang='lat' dir='ltr'>ab</span> <span class='ocrx_word' id='word_1_136' title='bbox 763 2917 918 3005; x_wconf 90' lang='lat' dir='ltr'>antiquis</span> <span class='ocrx_word' id='word_1_137' title='bbox 934 2918 1133 2986; x_wconf 90' lang='lat' dir='ltr'>rhetoribus</span> <span class='ocrx_word' id='word_1_138' title='bbox 1149 2919 1451 3009; x_wconf 87' lang='lat' dir='ltr'>scriptoribusque</span> 
     </span>
     <span class='ocr_line' id='line_1_21' title="bbox 275 3024 1222 3095; baseline 0.003 -3"><span class='ocrx_word' id='word_1_139' title='bbox 275 3025 460 3092; x_wconf 89' lang='lat' dir='ltr'>aestimata</span> <span class='ocrx_word' id='word_1_140' title='bbox 483 3024 530 3090; x_wconf 90' lang='lat' dir='ltr'>sit</span> <span class='ocrx_word' id='word_1_141' title='bbox 553 3024 624 3092; x_wconf 89' lang='lat' dir='ltr'>iam</span> <span class='ocrx_word' id='word_1_142' title='bbox 647 3025 734 3092; x_wconf 91' lang='lat' dir='ltr'>mihi</span> <span class='ocrx_word' id='word_1_143' title='bbox 759 3025 873 3093; x_wconf 87' lang='lat' dir='ltr'>dicere</span> <span class='ocrx_word' id='word_1_144' title='bbox 896 3049 968 3093; x_wconf 91' lang='lat' dir='ltr'>non</span> <span class='ocrx_word' id='word_1_145' title='bbox 993 3038 1047 3092; x_wconf 91' lang='lat' dir='ltr'>est</span> <span class='ocrx_word' id='word_1_146' title='bbox 1070 3050 1222 3095; x_wconf 88' lang='lat' dir='ltr'>necesse.</span> 
     </span>
    </p>

    <p class='ocr_par' dir='ltr' id='par_1_13' title="bbox 274 3130 1450 3542">
     <span class='ocr_line' id='line_1_22' title="bbox 381 3130 1450 3221; baseline 0.006 -24"><span class='ocrx_word' id='word_1_147' title='bbox 381 3133 432 3198; x_wconf 87' lang='lat' dir='ltr'>Ac</span> <span class='ocrx_word' id='word_1_148' title='bbox 455 3130 608 3218; x_wconf 86' lang='lat' dir='ltr'>primurn</span> <span class='ocrx_word' id='word_1_149' title='bbox 633 3131 773 3217; x_wconf 91' lang='lat' dir='ltr'>quidem</span> <span class='ocrx_word' id='word_1_150' title='bbox 798 3143 839 3198; x_wconf 92' lang='lat' dir='ltr'>ut</span> <span class='ocrx_word' id='word_1_151' title='bbox 859 3134 1034 3199; x_wconf 85' lang='lat' dir='ltr'>delectum</span> <span class='ocrx_word' id='word_1_152' title='bbox 1058 3135 1244 3200; x_wconf 90' lang='lat' dir='ltr'>verborum</span> <span class='ocrx_word' id='word_1_153' title='bbox 1261 3135 1450 3221; x_wconf 83' lang='lat' dir='ltr'>attingam,</span> 
     </span>
     <span class='ocr_line' id='line_1_23' title="bbox 274 3237 1449 3325; baseline 0.003 -20"><span class='ocrx_word' id='word_1_154' title='bbox 274 3239 382 3305; x_wconf 87' lang='lat' dir='ltr'>verba</span> <span class='ocrx_word' id='word_1_155' title='bbox 413 3237 552 3325; x_wconf 91' lang='lat' dir='ltr'>poetica</span> <span class='ocrx_word' id='word_1_156' title='bbox 584 3248 715 3304; x_wconf 89' lang='lat' dir='ltr'>novata</span> <span class='ocrx_word' id='word_1_157' title='bbox 748 3239 942 3324; x_wconf 87' lang='lat' dir='ltr'>composita</span> <span class='ocrx_word' id='word_1_158' title='bbox 971 3238 1202 3306; x_wconf 89' lang='lat' dir='ltr'>Hebraismos</span> <span class='ocrx_word' id='word_1_159' title='bbox 1231 3240 1449 3312; x_wconf 89' lang='lat' dir='ltr'>Latinismos</span> 
     </span>
     <span class='ocr_line' id='line_1_24' title="bbox 275 3342 1450 3434; baseline 0.002 -21"><span class='ocrx_word' id='word_1_160' title='bbox 275 3342 476 3413; x_wconf 87' lang='lat' dir='ltr'>Guilelmus</span> <span class='ocrx_word' id='word_1_161' title='bbox 493 3343 656 3412; x_wconf 87' lang='lat' dir='ltr'>Schmidt</span> <span class='ocrx_word' id='word_1_162' title='bbox 666 3346 687 3431; x_wconf 86' lang='lat'>¹)</span> <span class='ocrx_word' id='word_1_163' title='bbox 705 3343 878 3428; x_wconf 87' lang='lat' dir='ltr'>tractavit,</span> <span class='ocrx_word' id='word_1_164' title='bbox 894 3368 1007 3432; x_wconf 88' lang='lat' dir='ltr'>pauca</span> <span class='ocrx_word' id='word_1_165' title='bbox 1020 3345 1163 3413; x_wconf 90' lang='lat' dir='ltr'>Niesius</span> <span class='ocrx_word' id='word_1_166' title='bbox 1179 3345 1216 3412; x_wconf 91' lang='lat' dir='ltr'>in</span> <span class='ocrx_word' id='word_1_167' title='bbox 1229 3347 1450 3434; x_wconf 84' lang='lat' dir='ltr'>praefatione</span> 
     </span>
     <span class='ocr_line' id='line_1_25' title="bbox 277 3449 1364 3542; baseline 0.002 -24"><span class='ocrx_word' id='word_1_168' title='bbox 277 3449 422 3535; x_wconf 87' lang='lat' dir='ltr'>addidit,</span> <span class='ocrx_word' id='word_1_169' title='bbox 446 3453 490 3517; x_wconf 90' lang='lat' dir='ltr'>de</span> <span class='ocrx_word' id='word_1_170' title='bbox 514 3449 720 3524; x_wconf 88' lang='lat' dir='ltr'>Latinismis</span> <span class='ocrx_word' id='word_1_171' title='bbox 744 3449 805 3538; x_wconf 91' lang='lat' dir='ltr'>qui</span> <span class='ocrx_word' id='word_1_172' title='bbox 828 3462 1001 3518; x_wconf 92' lang='lat' dir='ltr'>vocantur</span> <span class='ocrx_word' id='word_1_173' title='bbox 1025 3454 1134 3519; x_wconf 85' lang='lat' dir='ltr'>Hahn</span> <span class='ocrx_word' id='word_1_174' title='bbox 1143 3456 1167 3542; x_wconf 86' lang='lat'>²)</span> <span class='ocrx_word' id='word_1_175' title='bbox 1192 3452 1364 3521; x_wconf 85' lang='lat' dir='ltr'>disseruit</span> 
     </span>
    </p>
   </div>
   <div class='ocr_carea' id='block_1_6' title="bbox 274 3559 1452 3860">
    <p class='ocr_par' dir='ltr' id='par_1_14' title="bbox 274 3559 1452 3860">
     <span class='ocr_line' id='line_1_26' title="bbox 384 3559 1452 3650; baseline 0.005 -26"><span class='ocrx_word' id='word_1_176' title='bbox 384 3562 509 3624; x_wconf 90' lang='lat' dir='ltr'>Restat</span> <span class='ocrx_word' id='word_1_177' title='bbox 524 3568 565 3623; x_wconf 89' lang='lat' dir='ltr'>ut</span> <span class='ocrx_word' id='word_1_178' title='bbox 580 3559 752 3624; x_wconf 90' lang='lat' dir='ltr'>nonnulla</span> <span class='ocrx_word' id='word_1_179' title='bbox 768 3559 961 3647; x_wconf 88' lang='lat' dir='ltr'>suppleam,</span> <span class='ocrx_word' id='word_1_180' title='bbox 976 3561 1084 3627; x_wconf 89' lang='lat' dir='ltr'>verba</span> <span class='ocrx_word' id='word_1_181' title='bbox 1096 3561 1341 3650; x_wconf 89' lang='lat' dir='ltr'>praetermissa</span> <span class='ocrx_word' id='word_1_182' title='bbox 1352 3584 1452 3649; x_wconf 90' lang='lat' dir='ltr'>prae-</span> 
     </span>
     <span class='ocr_line' id='line_1_27' title="bbox 276 3664 1451 3756; baseline 0.004 -24"><span class='ocrx_word' id='word_1_183' title='bbox 276 3664 379 3753; x_wconf 92' lang='lat' dir='ltr'>cipue</span> <span class='ocrx_word' id='word_1_184' title='bbox 405 3664 599 3750; x_wconf 89' lang='lat' dir='ltr'>composita</span> <span class='ocrx_word' id='word_1_185' title='bbox 628 3664 777 3731; x_wconf 91' lang='lat' dir='ltr'>adiciam</span> <span class='ocrx_word' id='word_1_186' title='bbox 805 3677 841 3733; x_wconf 90' lang='lat' dir='ltr'>et</span> <span class='ocrx_word' id='word_1_187' title='bbox 863 3665 1008 3753; x_wconf 87' lang='lat' dir='ltr'>poetica,</span> <span class='ocrx_word' id='word_1_188' title='bbox 1043 3690 1134 3755; x_wconf 89' lang='lat' dir='ltr'>quae</span> <span class='ocrx_word' id='word_1_189' title='bbox 1157 3691 1371 3756; x_wconf 89' lang='lat' dir='ltr'>quamquam</span> <span class='ocrx_word' id='word_1_190' title='bbox 1395 3691 1451 3737; x_wconf 89' lang='lat' dir='ltr'>ca-</span> 
     </span>
     <span class='ocr_line' id='line_1_28' title="bbox 274 3772 1450 3860; baseline 0.004 -20"><span class='ocrx_word' id='word_1_191' title='bbox 274 3772 432 3840; x_wconf 91' lang='lat' dir='ltr'>vendum</span> <span class='ocrx_word' id='word_1_192' title='bbox 463 3794 539 3838; x_wconf 91' lang='lat' dir='ltr'>esse</span> <span class='ocrx_word' id='word_1_193' title='bbox 571 3772 727 3856; x_wconf 90' lang='lat' dir='ltr'>arbitror,</span> <span class='ocrx_word' id='word_1_194' title='bbox 757 3795 802 3840; x_wconf 90' lang='lat' dir='ltr'>ne</span> <span class='ocrx_word' id='word_1_195' title='bbox 834 3773 981 3860; x_wconf 91' lang='lat' dir='ltr'>poeticis</span> <span class='ocrx_word' id='word_1_196' title='bbox 1008 3776 1189 3844; x_wconf 90' lang='lat' dir='ltr'>vocabulis</span> <span class='ocrx_word' id='word_1_197' title='bbox 1213 3775 1450 3845; x_wconf 87' lang='lat' dir='ltr'>attribuamus</span> 
     </span>
    </p>
   </div>
   <div class='ocr_carea' id='block_1_7' title="bbox 275 3992 1451 4252">
    <p class='ocr_par' dir='ltr' id='par_1_15' title="bbox 275 3992 1451 4252">
     <span class='ocr_line' id='line_1_29' title="bbox 387 3992 1451 4075; baseline 0.008 -26"><span class='ocrx_word' id='word_1_198' title='bbox 387 3992 409 4067; x_wconf 90' lang='lat'>¹)</span> <span class='ocrx_word' id='word_1_199' title='bbox 434 3993 472 4050; x_wconf 91' lang='lat' dir='ltr'>de</span> <span class='ocrx_word' id='word_1_200' title='bbox 495 3993 589 4050; x_wconf 86' lang='lat' dir='ltr'>Flavii</span> <span class='ocrx_word' id='word_1_201' title='bbox 611 3995 736 4070; x_wconf 84' lang='lat' dir='ltr'>Josephi</span> <span class='ocrx_word' id='word_1_202' title='bbox 760 3996 933 4053; x_wconf 84' lang='lat' dir='ltr'>elocutione</span> <span class='ocrx_word' id='word_1_203' title='bbox 957 3998 1184 4056; x_wconf 78' lang='lat' dir='ltr'>observationes</span> <span class='ocrx_word' id='word_1_204' title='bbox 1208 3998 1340 4068; x_wconf 85' lang='lat' dir='ltr'>criticae,</span> <span class='ocrx_word' id='word_1_205' title='bbox 1362 4000 1451 4075; x_wconf 86' lang='lat' dir='ltr'>Jahr-</span> 
     </span>
     <span class='ocr_line' id='line_1_30' title="bbox 275 4080 1252 4162; baseline 0.009 -23"><span class='ocrx_word' id='word_1_206' title='bbox 275 4083 392 4140; x_wconf 80' lang='lat' dir='ltr'>bficher</span> <span class='ocrx_word' id='word_1_207' title='bbox 415 4083 461 4138; x_wconf 74' lang='lat' dir='ltr'>hir</span> <span class='ocrx_word' id='word_1_208' title='bbox 483 4080 572 4140; x_wconf 83' lang='lat' dir='ltr'>klass.</span> <span class='ocrx_word' id='word_1_209' title='bbox 595 4083 666 4144; x_wconf 92' lang='lat' dir='ltr'>Phil.</span> <span class='ocrx_word' id='word_1_210' title='bbox 691 4083 794 4159; x_wconf 89' lang='lat' dir='ltr'>Suppl.</span> <span class='ocrx_word' id='word_1_211' title='bbox 818 4082 870 4154; x_wconf 79' lang='lat'>20,</span> <span class='ocrx_word' id='word_1_212' title='bbox 897 4083 992 4156; x_wconf 84' lang='lat'>1894,</span> <span class='ocrx_word' id='word_1_213' title='bbox 1015 4106 1045 4162; x_wconf 88' lang='lat' dir='ltr'>p.</span> <span class='ocrx_word' id='word_1_214' title='bbox 1068 4085 1252 4148; x_wconf 84' lang='lat'><strong>509-528.</strong></span> 
     </span>
     <span class='ocr_line' id='line_1_31' title="bbox 384 4165 1154 4252; baseline 0.016 -25"><span class='ocrx_word' id='word_1_215' title='bbox 384 4165 411 4252; x_wconf 85' lang='grc'>2)</span> <span class='ocrx_word' id='word_1_216' title='bbox 434 4170 512 4228; x_wconf 91' lang='lat' dir='ltr'>Rom</span> <span class='ocrx_word' id='word_1_217' title='bbox 536 4172 597 4228; x_wconf 87' lang='lat' dir='ltr'>und</span> <span class='ocrx_word' id='word_1_218' title='bbox 620 4172 833 4232; x_wconf 84' lang='lat' dir='ltr'>Romanismus</span> <span class='ocrx_word' id='word_1_219' title='bbox 856 4193 885 4250; x_wconf 91' lang='lat' dir='ltr'>p.</span> <span class='ocrx_word' id='word_1_220' title='bbox 909 4173 1019 4237; x_wconf 77' lang='lat'><strong>20718.</strong></span> <span class='ocrx_word' id='word_1_221' title='bbox 1044 4175 1154 4239; x_wconf 83' lang='grc'><strong><em>23819.</em></strong></span> 
     </span>
    </p>
   </div>
   <div class='ocr_carea' id='block_1_8' title="bbox 0 0 1565 4958">
    <p class='ocr_par' dir='ltr' id='par_1_16' title="bbox 0 0 1565 4958">
     <span class='ocr_line' id='line_1_32' title="bbox 0 0 1565 4958; baseline 0 0"><span class='ocrx_word' id='word_1_222' title='bbox 0 0 1565 4958; x_wconf 95' lang='lat' dir='ltr'> </span> 
     </span>
    </p>
   </div>
  </div>
 </body>
</html>
