3120 4958
669 357 891 420 ..11-

190 565 309 635 studio
337 566 552 655 disputatam
581 578 617 635 et
644 591 665 635 a
687 590 745 635 me
767 566 859 634 infra
881 573 925 656 (p.
946 571 1000 650 17)
1027 565 1225 635 accuratius
1253 566 1361 655 expli-

191 675 340 742 candam
367 685 520 758 vertunt,
555 672 830 763 propositionem
862 686 898 742 et
929 672 1157 762 partitionem
1184 675 1360 761 quomodo

191 781 391 849 adhibuerit
429 783 621 849 ostendam.
678 783 776 866 Quas
814 781 991 849 orationes
1029 782 1132 869 quale
1169 780 1206 848 in
1246 803 1360 868 genus

190 889 356 956 cadentes
383 887 536 976 intelligi
564 888 664 973 velit,
699 899 845 976 apparet
876 910 896 954 e
923 887 1039 955 verbis
1074 898 1157 955 ante
1184 887 1360 955 orationes

191 994 286 1083 ipsas
309 995 499 1063 collocatis:

299 1106 369 1171 VII
394 1108 467 1170 340.
492 1103 639 1190 ἐνεχείρει
660 1107 765 1189 λόγοις
786 1107 857 1189 περὶ
879 1112 985 1188 ψυχῆς
1008 1104 1200 1176 ἀθανασίας.

300 1213 354 1275 ΙΙΙ
371 1214 443 1276 361.
468 1215 580 1297 ἤρχετο
593 1214 781 1296 φιλοσοφεῖν
793 1212 843 1276 ἐπὶ
853 1219 908 1295 τῆς
922 1213 1069 1300 ἀνάγιης,
1085 1207 1360 1297 propositionem

189 1317 304 1404 ipsam
327 1315 383 1383 his
409 1316 601 1404 significat:

298 1427 463 1492 V11345:
485 1427 639 1510 συμφορά
662 1428 744 1491 ἔστιν
766 1425 805 1491 τὸ
829 1428 886 1510 ζῆν
906 1427 1098 1509 ἀνθρώποις,
1122 1426 1193 1509 ούχλ
1207 1426 1359 1497 θάνατος.

300 1533 354 1596 ΙΙΙ
380 1536 453 1598 362.
476 1535 506 1596 τί
525 1533 586 1616 γὰρ
608 1541 761 1599 τοσούτω
783 1539 876 1616 σφῶν
898 1535 1012 1606 αὐτῶν,
1043 1534 1171 1616 ἑταῖροι,
1194 1538 1362 1616 φονῶμενι

192 1643 213 1723 ἥ
236 1641 265 1703 τί
284 1640 321 1704 τὰ
345 1640 479 1723 φίλτατα
503 1641 784 1724 ὁιαστασιάζωμεν,
808 1646 903 1724 σῶμα
925 1641 979 1704 καὶ
1001 1641 1123 1723 ψυχήν,·

298 1745 368 1814 Sed
384 1745 472 1812 haec
487 1746 659 1812 hactenus
675 1747 719 1812 de
737 1743 933 1832 prooemiis,
956 1744 1263 1832 propositionibus,
1285 1768 1361 1833 par-

191 1849 392 1937 titionibus3
415 1850 574 1938 sequitur
596 1863 637 1919 ut
660 1851 730 1918 iam
754 1853 798 1918 ad
815 1851 875 1918 illa
899 1873 1037 1919 summa
1054 1850 1247 1936 veniamus,
1271 1875 1360 1940 quae

190 1956 336 2024 maximi
359 1958 530 2025 momenti
554 1957 697 2026 suntin
722 1959 886 2026 omnibus
910 1958 1136 2044 orationibus,
1159 1960 1204 2027 ad

595 2211 960 2297 argumentationem.

299 2354 415 2440 Atque
438 2363 479 2420 ut
502 2351 654 2440 primum
686 2351 781 2418 illius
804 2352 981 2436 orationis,
1014 2374 1119 2439 quam
1143 2353 1187 2418 ad
1212 2352 1361 2439 gloriam

191 2458 313 2548 populi
325 2459 476 2527 Romani
490 2461 733 2527 celebrandam
744 2461 787 2526 ab
800 2460 957 2549 Agrippa
970 2482 1045 2526 esse
1055 2457 1213 2526 habitam
1226 2459 1360 2550 (11345)

192 2565 333 2660 saepius
349 2566 709 2651 commemoravimus
725 2589 863 2634 summa
875 2588 1070 2653 persequar,
1085 2564 1361 2653 propositionem

192 2671 351 2760 sequitur
373 2674 441 2740 hoc
464 2674 703 2759 enthymema:

300 2782 424 2847 11349.
449 2785 478 2847 ελ
507 2783 567 2865 μὲν
589 2783 751 2865 ἀμύνεσθε
773 2782 846 2853 τοὺς
868 2782 1065 2856 ἀδικοῦντας,
1087 2784 1117 2845 τί
1137 2783 1281 2866 σεμνύετε
1303 2783 1362 2866 τὴν

192 2889 391 2970 ἕλευύερίαν;
420 2885 449 2955 εἰ
472 2889 564 2955 δὲτὸ
588 2890 745 2954 δουλεύειν
768 2890 928 2977 ἀφόρητον
950 2891 1093 2972 ἡγεῖσθε,
1115 2889 1249 2975 περισσὴ
1274 2890 1362 2972 πρὸς

191 2995 265 3067 τοὺς
290 2997 450 3083 ἡγεμόνας
472 2998 492 3079 ἡ
515 2997 648 3079 μέμψις,
671 2997 723 3060 καὶ
746 2996 806 3079 γὰρ
830 2997 957 3061 ἐκείνων
978 2996 1209 3079 μετριαζόντων
1231 2996 1362 3081 αἰσχρὸν

193 3104 314 3186 ὁμοίως
344 3103 380 3167 τὸ
408 3104 568 3170 δουλεύειν
603 3102 763 3188 (eandem
798 3100 1116 3188 argumentationis
1148 3111 1360 3168 structuram

192 3207 333 3275 invenis
357 3211 410 3274 III
429 3212 500 3275 364.
538 3206 567 3276 εἰ
588 3212 648 3293 μέν
671 3247 712 3256 -
736 3212 765 3275 εἰ
785 3210 822 3275 δέ
845 3247 885 3256 -
909 3211 963 3275 καὶ
986 3205 1055 3297 γάρ.
1066 3211 1089 3289 ¹)

301 3313 476 3402 Deinceps
499 3313 642 3401 singula
665 3313 838 3382 contraria
867 3317 1065 3382 refutantur
1088 3324 1124 3381 et
1146 3315 1361 3400 refelluntur,

193 3444 258 3490 sua
282 3421 536 3489 confirmantur
559 3421 787 3509 argumentis.

300 3531 336 3594 II
361 3533 433 3595 350.
468 3538 611 3596 σκοπεῖτε
646 3531 681 3595 δὲ
718 3532 793 3595 κού
821 3533 955 3596 ἕκαστον
989 3531 1037 3610 ὡς
1068 3533 1147 3596 ἔστιν
1176 3531 1274 3615 μικρὰ
1305 3538 1360 3595 τοῦ

192 3639 342 3721 πολεμεῖν
380 3639 399 3721 ἡ
430 3639 607 3712 ὑπόθεσις,
646 3635 698 3723 (cl.
737 3634 824 3702 illud
858 3635 1089 3704 Anaximenis
1127 3658 1233 3722 supra
1271 3658 1361 3703 com-

192 3744 438 3832 memoratum)
468 3744 524 3811 καὶ
547 3745 658 3828 πρῶτά
686 3769 720 3828 γε
742 3745 779 3809 τὰ
802 3750 865 3809 τῶν
893 3746 1069 3831 ἐπιτρόπων
1096 3744 1280 3829 ἐγκλήματα
1308 3743 1360 3831 (cf.

305 3963 329 4041 ¹)
354 3962 391 4025 cs.
416 3963 575 4039 Emporias
599 3965 637 4021 de
661 3963 858 4020 deliberativa
881 3963 1008 4020 materia
1030 3963 1115 4023 Rhet
1132 3962 1196 4020 Lat„
1219 3963 1290 4020 min.
1313 3963 1361 4021 ed.

194 4052 286 4111 Halm
315 4073 342 4128 p.
363 4046 437 4112 572.
479 4053 646 4128 „generalis
680 4053 788 4128 gradus
823 4060 869 4110 ert
903 4054 933 4110 in
968 4071 1028 4128 quo
1063 4053 1155 4109 veluti
1189 4053 1361 4110 summatim

195 4142 336 4199 delibatis
359 4142 495 4217 partibus
511 4159 587 4216 quas
611 4159 702 4198 cansa
719 4142 938 4218 complectitur,
961 4142 1026 4199 sine
1046 4140 1206 4199 manifesta
1228 4141 1361 4217 ipsarum

194 4231 486 4290 commemoratione
509 4231 719 4290 disseremus.“
