3120 4958
614 336 834 397 -ηρ-

355 545 410 609 καί
432 545 473 610 τὰ
495 544 573 629 βέλη
596 547 656 629 μὲν
679 547 836 634 ἄχρηστα,

488 655 688 736 σπασάμενοι
711 655 746 718 δὲ
769 655 1013 720 συνεπλέκοντο.
1135 704 1141 713 .

355 759 410 824 καί
432 761 567 842 ἄκριτον
590 760 629 844 ἦν

485 871 696 954 πεφυρμένων
717 869 777 952 μὲν
799 874 863 933 τῶν
886 869 1023 950 ἀνόρῶν,

486 982 540 1058 τῆς
563 974 599 1041 δὲ
621 981 702 1059 βοῆς
725 977 966 1062 προσταττούσης

433 1082 482 1147 ἀεὶ
506 1083 542 1145 δέ
563 1071 614 1165 ἐφ’
631 1084 787 1165 ὁπότερον
808 1084 926 1165 βρίσειε
949 1083 968 1146 ὁ
994 1082 1147 1164 πόλεμος,

432 1191 669 1271 παρακέλευσις
691 1191 750 1272 μὲν
773 1180 813 1278 ἦν
834 1195 899 1254 τῶν
918 1190 1203 1262 πλεονεκτούντων,

434 1296 573 1377 οἰμωγαὶ
596 1297 630 1361 δὲ
653 1303 717 1361 τῶν
738 1298 956 1379 τρεπομένων.

486 1405 557 1466 οὔτε
580 1399 614 1467 αλ
638 1405 737 1486 φυγαί
759 1405 857 1469 τόπον
879 1396 968 1486 εἶχον

487 1499 562 1574 α’ότε
585 1512 618 1573 αἱ
641 1510 773 1588 διώξεις,

433 1616 514 1680 ἀλλὰ
538 1615 667 1702 ῥοπαὶ.
691 1668 698 1681 .
723 1618 886 1699 ἐγίγνοντο.

431 1729 498 1794 τοῖς
521 1713 551 1787 δ’
567 1725 752 1807 ἕμπροσύεν
775 1724 957 1812 γινομένοις

487 1834 506 1913 ἢ
529 1837 585 1895 τοῦ
608 1833 763 1914 θνήσκειν

486 1940 584 2020 ἢτοῦ
608 1940 740 2003 κτείνειν
763 1939 885 2022 ἀνάγκη
910 1938 956 2022 ἦν.

433 2045 463 2107 οί
486 2044 546 2126 γὰρ
569 2095 576 2109 .
601 2095 608 2108 .
632 2046 818 2110 κατέλιπον.

487 2152 765 2216 πλεονεκτούντων
789 2152 824 2215 δὲ
846 2157 911 2216 τῶν
933 2140 1094 2218 Ἰουδαίων

485 2258 539 2322 καί
563 2259 747 2342 κλινομένης
769 2266 823 2342 τῆς
848 2261 1063 2345 παρατάξεως

433 2365 512 2445 (ἀπὸ
536 2365 597 2447 γὰρ
620 2417 627 2430 .
653 2416 659 2429 .
684 2416 690 2428 .
715 2364 926 2452 ἐπολέμουν.)

486 2476 519 2536 οἳ
537 2474 596 2555 μέν
620 2474 739 2555 ἀθρόοι
762 2524 768 2537 .
794 2524 799 2537 .
825 2523 831 2537 .

483 2579 637 2661 Ῥωμαῖοι
671 2578 707 2645 δὲ
729 2582 818 2663 μέρει
840 2586 894 2663 τῆς
917 2581 1094 2662 δυνάμεως.

433 2685 545 2769 (οὔπω
569 2687 630 2769 γὰρ
654 2735 686 2750 ..
711 2684 966 2773 ἐπαναβεβήκει.)

484 2795 538 2858 καὶ
561 2795 689 2872 ἐκείνοις
712 2795 886 2876 ἐπανεῖχον.

250 2897 438 2988 descriptio
464 2901 645 2966 tumultus,
693 2902 725 2967 V
742 2904 792 2965 29.

356 3010 552 3091 κατάπληξις
574 3007 614 3091 ἦν
635 3015 699 3079 τοῖς
722 3011 868 3091 γνησίοις,

356 3115 410 3179 καί
434 3101 503 3179 οἵτε
526 3114 642 3197 βουλῆς
664 3116 775 3200 καιρὸς
798 3111 844 3186 εἷς
866 3115 1054 3198 μεταβολήν,

486 3223 562 3286 οὔτε
586 3223 778 3304 συμβάσεως
801 3223 893 3295 ἐλπίς,

486 3330 562 3393 ούτε
585 3328 668 3414 φυγὴ
692 3335 759 3399 τοῖς
782 3326 958 3403 ἐθέλουσιν,

433 3437 620 3522 ἐφρουρεῖτο
643 3435 702 3520 γὰρ
726 3437 837 3509 πάντα,

485 3540 540 3608 καὶ
564 3594 570 3607 .
595 3593 601 3607 .
626 3593 632 3607 .
655 3543 794 3627 ἀνῄρουν

487 3651 540 3715 καὶ
563 3701 569 3713 .
594 3701 600 3714 .
625 3701 632 3714 .
657 3650 835 3732 ὡμονόουν.

357 3757 411 3822 καί
432 3760 497 3820 τῶν
518 3756 578 3838 μὲν
599 3758 795 3839 μαχομένων
818 3758 1018 3830 ἁόιάλειπτος
1040 3757 1079 3842 ἦν
1101 3761 1235 3842 κραυγή,

434 3863 603 3948 δεινότεροι
630 3863 664 3926 δὲ
688 3863 831 3948 ὀύυρμοί,

359 3971 412 4034 καί
435 3971 571 4054 θρήνων
593 3970 651 4052 μὲν
673 3972 884 4053 προσέφερον,

485 4077 544 4148 τὰς
566 4075 603 4143 δὲ
626 4129 632 4143 .
657 4129 663 4142 .
688 4077 832 4151 ίνέκλεὶε,

433 4186 624 4268 φιμούμενοι
648 4185 683 4251 δὲ
705 4236 712 4249 .
736 4236 743 4249 .
768 4236 774 4249 .
799 4182 1034 4269 ἐβασανίζοντο.
