3120 4958
761 313 982 375 ,36-

397 522 581 588 tetracola:

502 632 705 713 πεπατῆσθαι
727 631 766 695 τό
789 632 922 705 δίκαιον,

503 736 705 802 ἀπολωλέναι
727 738 783 820 τήν
806 739 969 821 ἀλήθειαν,

503 845 717 926 συγκεχύσθαι
739 844 796 927 τήν
819 847 925 933 φύσιν,

504 948 643 1033 ἀνομίας
666 954 772 1033 γέμειν
795 952 849 1015 τὸν
871 949 946 1035 βίον
971 954 1073 1016 1544.

448 1054 600 1123 εἰπόντα
622 1061 823 1143 κρατήσειαν,

502 1167 681 1251 πανουργία
702 1166 762 1248 μέν
785 1166 906 1250 ἀρετῆς,

502 1267 638 1335 ἀπόνοια
661 1261 691 1336 ‹5'
713 1273 833 1346 ὅπλων,

503 1379 642 1461 πλῆθος
666 1368 696 1442 θ’
713 1377 886 1460 ἐμπειρίας,

502 1477 646 1549 Ἰουδαῖοι
670 1486 705 1548 όὲ
725 1483 901 1567 Ῥωμαίων
924 1487 974 1551 VI
987 1488 1029 1548 20
1052 1513 1088 1542 ω
1111 1486 1233 1550 11135.

393 1590 446 1671 (cf.
464 1600 631 1676 quattuor
653 1591 840 1657 verborum
865 1589 1041 1658 coniuctio
1058 1592 1157 1658 velut
1171 1592 1344 1680 Σισύφους
1364 1617 1398 1659 τε
1414 1595 1470 1658 καί

288 1694 480 1773 Ταντάλους,
500 1695 635 1772 Ἰξίονάς
657 1699 762 1763 τεκαὶ
790 1698 919 1777 Τιτυούς
942 1700 1056 1763 11156
1080 1726 1116 1755 ω
1139 1701 1265 1780 11152,
1289 1700 1405 1776 1111.)

324 1798 329 1807 ’
448 1807 537 1888 ὑμεῖς
559 1807 788 1887 πλουσιώτεροι
811 1805 974 1879 Γαλατῶν,

503 1908 702 1997 ἰσχυρότεροι
725 1912 915 1995 Γερμανῶν,

503 2007 663 2102 Ἑλλήνων
686 2021 901 2101 συνετώτεροι,

501 2127 628 2203 πλείους
655 2125 735 2189 κατὰ
763 2126 819 2208 τήν
853 2121 1048 2209 οἰκουμένην
1082 2127 1148 2190 ἐστέ
1171 2122 1314 2191 πάντων
1338 2127 1466 2190 11364.

501 2234 536 2307 ἐξ
558 2233 716 2316 ἀνατολῆς
738 2233 798 2314 μέν
820 2236 889 2302 ταῖς
905 2233 1070 2314 Ἄλπεσιν,

498 2340 579 2421 πρὸς
602 2341 718 2424 ἄρκτον
743 2340 777 2403 δέ
797 2338 898 2422 Ῥήνῳ
920 2346 1070 2423 ποταμῷ,

501 2451 732 2530 μεσημβρινοῖς
756 2447 790 2509 όὲ
813 2453 876 2516 τοῖς
898 2445 1100 2528 Πυρηναίοις
1123 2447 1237 2531 ὄρεσιν,

500 2555 636 2635 ὠκεανῷ
660 2553 695 2617 δὲ
717 2553 800 2634 πρὸς
824 2553 958 2634 δυσμῶν
982 2553 1094 2616 11372
1119 2578 1155 2607 ω
1173 2553 1297 2633 11363,
1321 2551 1466 2615 Ι11107·

497 2662 528 2725 οί
548 2660 608 2742 μέν
630 2662 749 2736 ξένους,

499 2769 529 2830 οῖ
552 2767 586 2830 όέ
610 2772 778 2848 συγγενεῖς,

499 2875 529 2938 οἱ
552 2873 587 2937 ὁὲ
610 2874 719 2955 φίλους
742 2874 911 2958 ἐθρήνουν,

499 2980 553 3044 τὸν
567 2980 601 3044 δε
609 2982 766 3062 Ἰώσηπον
777 2977 894 3057 πάντες
908 2980 1036 3044 111436
1049 3006 1085 3035 ω
1101 2981 1133 3046 V
1146 2981 1219 3061 213,
1232 2979 1264 3045 V
1279 2981 1330 3061 82,
1343 2979 1375 3046 V
1389 2981 1465 3062 408,

556 3088 606 3154 VI
625 3090 698 3167 215,
723 3086 772 3152 VI
794 3089 840 3151 13.

396 3190 531 3259 tricola:

498 3303 749 3383 πεφονευμένου
772 3306 827 3364 τοῦ
852 3299 967 3382 δήμου,

496 3406 699 3490 κεκαυμένου
726 3406 762 3472 όὲ
784 3413 844 3471 τοῦ
868 3413 955 3479 ναοῦ,

498 3515 694 3597 φλεγομένου
718 3514 752 3578 όὲ
774 3519 830 3579 τοῦ
854 3514 980 3584 ἄστεως
1004 3513 1053 3579 VI
1071 3515 1144 3577 364.

420 3620 475 3707 (cf.
495 3620 662 3704 Ἡνιόχους
684 3644 717 3686 τε
740 3621 793 3686 καί
816 3616 965 3703 Κόλχους
987 3621 1041 3684 καί
1063 3620 1103 3684 τό
1122 3628 1190 3686 τῶν
1208 3619 1345 3703 Ταύρων
1359 3620 1465 3706 φῦλον

498 3728 728 3812 Βοσπορανούς
750 3751 784 3793 τε
807 3725 863 3791 καί
886 3727 924 3790 τὰ
946 3723 1096 3812 περίοικα
1118 3732 1174 3791 τοῦ
1190 3721 1320 3792 Πόντου
1336 3726 1390 3792 καί
1404 3733 1472 3810 τῆς·

551 3834 740 3904 Μαιώτιδος
764 3835 847 3917 ἔθνη
872 3835 907 3896 ΙΙ
922 3833 1010 3914 366.)

497 3943 615 4024 ταύτην
636 3941 697 4025 τήν
719 3943 841 4026 ἡμέραν
864 3941 883 4024 ή
902 3936 1002 4019 πόλις
1024 3938 1193 4024 ἑώρταζεν,

499 4049 648 4113 ἐπινίκιον
669 4048 729 4130 μὲν
751 4055 809 4131 τῆς
831 4047 912 4111 κατὰ
934 4052 1002 4112 τῶν
1024 4044 1191 4131 πολεμίων
1215 4047 1390 4130 στρατείας,

497 4156 597 4239 πέρας
621 4155 656 4218 όὲ
677 4159 742 4218 τῶν
765 4153 930 4242 ἐμφυλίων
952 4159 1071 4228 κακῶν,
