3120 4958
779 318 1000 379 „42-

307 537 343 594 et
365 524 490 594 Titum
519 537 555 593 et
578 523 832 610 Domitianum,
861 524 989 613 quibus
1012 523 1049 591 in
1074 523 1286 592 disserendis
1314 546 1432 612 neque
1456 522 1489 591 ei

305 633 466 721 contigit,
482 644 524 700 ut
540 633 761 701 adulationes
774 632 903 702 vitaret
919 645 982 701 aut
994 631 1165 700 dictiones
1179 631 1278 719 quasi
1293 630 1445 699 curiales
1455 633 1488 719 ¹),

305 762 420 827 neque
452 740 484 807 ei
512 741 732 829 propositum
760 751 843 825 erat,
879 750 920 806 ut
948 738 1101 806 dilucide
1137 749 1174 805 et
1205 737 1391 825 perspicue
1419 741 1489 805 sub

305 858 488 934 aspectum
504 847 668 915 venirent
682 846 867 936 principes,
885 845 1172 934 quandoquidem
1186 856 1300 912 certae
1311 847 1490 912 formulae

305 952 525 1021 describendi
542 953 692 1022 virtutes
715 953 787 1020 iam
810 975 878 1020 usu
899 964 1084 1040 perceptae
1107 963 1143 1020 et
1166 951 1489 1019 consuetudinibus

304 1061 486 1128 rhetorum
504 1071 605 1128 erant
625 1059 740 1145 tritae,
765 1082 856 1147 quae
879 1082 985 1146 quam
1009 1060 1114 1146 saepe
1137 1083 1158 1126 a
1181 1057 1411 1146 scriptoribus
1427 1060 1491 1126 ad·

305 1166 440 1234 hibitae
455 1166 528 1234 sint
543 1168 668 1234 doceat
685 1168 887 1253 Menander,
909 1166 1009 1233 cuius
1025 1168 1132 1234 verba
1148 1166 1214 1234 etsi
1230 1165 1489 1253 posterioribus

305 1272 523 1361 temporibus
547 1273 677 1363 scripta
704 1273 819 1361 priore
842 1296 981 1361 quoque
1005 1285 1122 1341 aetate
1144 1275 1261 1341 valere
1284 1283 1439 1361 apparet.

409 1382 484 1466 περὶ
516 1384 594 1446 ἐπιδ.
622 1382 708 1447 rhet
744 1382 806 1449 Gr.
830 1403 862 1468 p.
885 1386 980 1464 373,7
993 1382 1028 1447 ff.
1064 1381 1174 1469 ἀρεταὶ
1211 1381 1279 1468 [τοῦ
1313 1380 1486 1468 βασιλέως]

305 1492 454 1571 τέσσαρές
476 1486 569 1556 εἷσινῖ
594 1490 726 1573 ἀνδρεία
751 1491 937 1572 δικαιοσύνη
962 1490 1158 1573 σωφροσύνη
1183 1490 1345 1573 φρόνησις.

415 1598 462 1661 12.
498 1599 685 1682 φρονήσεως
708 1598 773 1662 ἐστι
796 1597 831 1660 τὸ
855 1600 1049 1683 στρατηγεῖν
1065 1597 1174 1674 καλῶς
1190 1595 1224 1661 ἐν
1239 1602 1303 1667 τοῖς
1317 1597 1488 1679 πολέμοις.

413 1707 461 1768 l4.
498 1704 665 1792 ἐκφράσεις
699 1701 756 1768 καὶ
790 1704 908 1786 λόχους
936 1703 991 1767 καὶ
1014 1702 1146 1785 ἐνέδρας
1168 1704 1221 1768 καί
1243 1710 1302 1768 τοῦ
1324 1700 1489 1786 βασιλέως

306 1809 384 1875 κατὰ
407 1816 472 1874 τῶν
495 1811 645 1874 ἐναντίων
667 1808 725 1875 καὶ
747 1816 811 1874 τῶν
834 1811 983 1874 ἐναντίων
1002 1810 1081 1874 κατὰ
1104 1816 1160 1874 τοῦ
1182 1811 1351 1892 βασιλέως.

411 1919 485 1999 374,
499 1919 548 1981 24.
583 1917 664 2001 μετὰ
687 1917 726 1982 τὸ
748 1918 834 1988 τέλος
853 1922 917 1981 τῶν
939 1918 1091 1999 πράξεων
1113 1915 1206 2000 aaut
1228 1917 1311 1998 πρὸς
1332 1921 1384 2000 τῷ
1406 1919 1487 1982 τέλει

302 2028 367 2088 τῶν
402 2025 556 2107 πράξεων
591 2026 669 2108 ἐρεῖς
702 2048 736 2089 τι
769 2025 822 2089 καὶ
855 2024 928 2106 περὶ
956 2026 1057 2107 τρίτης
1085 2025 1204 2106 ἀρετῆς,
1236 2025 1319 2116 λέγω
1343 2024 1382 2106 ὀὴ
1406 2023 1486 2107 περὶ

302 2127 550 2215 φιλανθρωπίας
577 2176 712 2196 .....
737 2130 776 2195 τὸ
809 2131 962 2216 λείψανον
988 2137 1044 2196 τοῦ
1068 2129 1180 2213 γένους
1202 2131 1375 2204 σώζεσθαι.
1412 2133 1486 2214 ἅμα

301 2237 361 2319 μὲν
383 2238 433 2301 ἵνα
454 2243 609 2320 μνημεῖον
628 2243 683 2301 τοῦ
703 2239 830 2308 πάύους
844 2244 903 2303 τοῦ
919 2238 1084 2320 γεγονότος
1100 2239 1266 2320 σώζηται
1288 2237 1329 2301 τὸ
1352 2239 1484 2303 λειπό-

301 2365 430 2426 μενον,
460 2345 527 2425 ἅμα
556 2344 590 2409 δὲ
617 2345 668 2410 ἵνα
692 2343 749 2409 καὶ
771 2345 827 2427 τὴν
849 2345 1109 2432 φιλανθρωπίαν
1132 2345 1311 2432 ἐνδείξηται
1350 2341 1484 2429 quibus

302 2468 383 2514 cum
399 2447 516 2515 verbis
531 2448 648 2532 velim,
665 2450 823 2516 conteras
838 2448 986 2536 Josephi
1005 2450 1049 2515 de
1063 2448 1148 2516 Tito
1164 2448 1304 2537 saepius
1321 2449 1483 2538 repetita.

408 2558 550 2623 V1350.
585 2557 631 2621 τὰ
647 2557 760 2623 λοιπὰ
777 2558 913 2641 σῴζων
929 2559 1083 2640 ἔμαυτῶ
1099 2567 1135 2622 et
1150 2560 1201 2625 VI
1219 2561 1291 2623 333.
1326 2559 1482 2642 ἡφιλαν-

301 2663 472 2749 θρωπίαῖ)
489 2693 524 2717 ω
548 2665 633 2746 127,
657 2666 690 2731 V
706 2668 770 2729 334
795 2674 831 2729 et
854 2664 898 2729 de
920 2662 1128 2729 fortitudine
1152 2665 1313 2750 exempla
1335 2662 1483 2751 proeliis

302 2766 544 2855 singularibus
567 2771 724 2855 probata,
748 2792 839 2857 quae
854 2781 1028 2857 quantum
1044 2768 1168 2836 Titum
1192 2770 1357 2836 laudibus
1377 2772 1486 2837 attol-

303 2874 474 2942 lantiam
497 2874 585 2941 mihi
609 2875 724 2943 dicere
746 2898 818 2942 non
843 2887 897 2943 est
920 2898 1070 2943 necesse.
1079 2879 1103 2962 ³)

409 2982 670 3071 Vespasianum
705 2994 825 3050 autem
863 2982 1035 3049 inducens
1073 3005 1145 3050 non
1185 2995 1280 3050 recta
1318 2982 1483 3051 oratione

301 3085 387 3155 facit
402 3087 581 3173 iudicium,
605 3090 666 3156 sed
690 3089 844 3178 primum
867 3089 1034 3156 describit
1058 3089 1224 3176 cogitatis
1241 3088 1392 3156 Neronis
1416 3090 1481 3178 qui

408 3198 510 3263 1114.
547 3199 679 3284 εὑρίσκει
713 3198 815 3280 ἄνδρα
838 3205 907 3270 ταῖς
930 3199 1002 3263 ἀπὸ
1024 3199 1172 3286 νεότητος
1194 3196 1368 3281 στρατείαις
1390 3201 1482 3288 ἐγγε-

300 3304 472 3391 γηρακότα,
507 3305 800 3390 προειρηνεύσαντα
833 3305 889 3388 τὴν
921 3307 1065 3387 ἑσπέραν,
1099 3307 1384 3393 προσκτησάμενον
1417 3307 1482 3389 τὴν

299 3409 494 3497 Βρεττανίαν
517 3441 551 3464 ω
575 3412 668 3475 1116
692 3407 821 3476 deinde
844 3409 1065 3477 sermonibus
1073 3411 1101 3496 ⁴)
1122 3409 1286 3494 militum,

412 3639 433 3725 ¹)
459 3644 497 3702 cs.
513 3645 659 3721 imprimis
683 3648 721 3705 de
738 3646 913 3706 Domitiano
930 3648 1152 3707 Germanorum
1169 3648 1282 3706 victore
1300 3647 1365 3718 Vll,
1388 3645 1481 3712 8618.

410 3730 437 3815 ²)
462 3752 523 3809 qua
545 3735 653 3793 virtute
684 3737 797 3793 nullam
821 3737 912 3794 aliam
942 3755 1046 3813 regum
1070 3738 1166 3813 magis
1197 3739 1384 3795 celebratam
1407 3755 1479 3796 esse

300 3821 424 3896 exponit
457 3823 642 3893 Wendland‚
678 3826 728 3882 die
763 3827 1058 3884 hellenistisch·rr')m.
1092 3825 1201 3883 Kultur
1234 3827 1265 3884 in
1299 3826 1384 3884 ihren
1419 3825 1480 3884 Be·

301 3909 468 3987 ziehnngen
491 3930 528 3969 τα
549 3913 713 3988 Judentum
737 3915 798 3972 und
822 3914 1025 3973 Christentum
1048 3935 1078 3991 p.
1101 3914 1155 3974 77.

408 3999 431 4074 ³)
456 4000 494 4062 cf.
518 4020 548 4077 p.
571 4001 624 4064 34.

407 4089 434 4168 ⁴)
458 4089 495 4149 cf.
518 4090 643 4151 Tacitus
667 4111 735 4150 ann.
758 4092 816 4154 19
848 4093 886 4151 de
911 4096 1055 4169 Angusto,
1087 4093 1114 4151 11
1139 4093 1179 4155 73
1213 4096 1251 4152 de
1279 4093 1479 4164 Germanico,

299 4175 380 4237 Curt.
396 4179 462 4238 Rnl'.
478 4179 522 4238 111
544 4179 629 4252 15,5
654 4183 692 4240 de
717 4182 897 4253 Alexandro,
921 4182 1054 4253 Norden,
1079 4183 1188 4242 Antike
1212 4182 1480 4260 Konstpr.1304.
