3120 4958
746 306 966 368 -63-

381 515 548 601 Sequitur
572 525 613 581 ut
634 537 749 601 pauca
772 514 816 580 de
839 517 951 581 forma
974 514 1231 582 sententiarum
1264 513 1390 592 dicam,
1414 512 1455 581 in

274 645 344 710 qua
368 621 571 689 disserenda
602 621 703 688 facile
730 632 848 709 potest
880 621 1047 708 cognosci
1070 620 1215 690 Senecis
1238 620 1457 708 Asianisque

274 729 334 817 qui
352 741 531 812 vocantur,
555 729 614 816 qui
639 730 896 796 accusabantur
920 729 1014 815 quod
1037 728 1143 795 nimis
1167 739 1288 795 acutas
1312 740 1456 795 senten-

274 836 343 904 tias
359 847 394 902 et
409 834 590 902 vibrantes
606 846 642 902 et
658 835 853 902 concitatas
877 846 1136 923 componerent,
1159 836 1357 922 Josephum
1378 857 1454 901 non

276 966 352 1009 esse
376 943 689 1025 adnumerandum,
721 942 789 1009 nisi
818 945 908 1009 forte
939 943 1009 1009 huc
1032 942 1127 1009 dicta
1157 941 1337 1029 pertinent
1360 964 1457 1028 quae

275 1049 391 1117 verbis
415 1053 473 1116 οὐκ
497 1054 536 1115 ἂν
559 1053 695 1136 ἁμάρτοι
719 1076 768 1129 τις
790 1053 897 1116 εἰπών
919 1049 1121 1116 introducta
1144 1048 1297 1116 breviter
1320 1070 1457 1135 presse-

277 1179 423 1244 queres
447 1155 625 1242 expositas
649 1157 866 1223 concludunt
890 1167 926 1222 et
950 1157 1231 1244 complectuntur
1253 1157 1353 1221 velut

383 1267 505 1330 11175.
539 1266 591 1329 καὶ
625 1267 685 1330 οὐκ
719 1267 758 1328 ἀν
793 1266 928 1348 ἁμάρτοι
960 1290 1007 1336 τις
1036 1265 1134 1330 εἰπὼν
1156 1265 1212 1342 τὰς
1233 1264 1292 1346 μὲν
1314 1265 1457 1346 μελέτας

277 1374 385 1437 αὐτῶν
418 1373 515 1455 χωρὶς
550 1375 683 1454 αἵματος
705 1373 908 1453 παρατάξεις,
942 1372 1001 1442 τὰς
1022 1374 1217 1454 παρατάξεις
1240 1371 1274 1436 δὲ
1296 1361 1379 1452 μεθ’
1404 1373 1454 1434 αἴ-

274 1503 377 1562 ματος
399 1477 533 1560 μελέτας
544 1506 579 1535 ω
590 1480 623 1544 V
636 1482 665 1559 4,
690 1480 705 1541 Ι
724 1482 797 1542 470.
833 1479 886 1543 τὸν
908 1475 982 1562 βίον
1001 1479 1061 1542 οὐκ
1077 1481 1116 1542 ἀν
1132 1480 1275 1561 ἥμαρτέν
1289 1502 1336 1548 τις
1352 1479 1457 1542 εἰπὼν

275 1588 444 1669 μυστήριον
468 1586 594 1664 κακίας.

383 1691 608 1758 Collocantur
631 1702 751 1758 autem
782 1689 981 1756 sententiae
1012 1689 1152 1776 saepius
1182 1687 1218 1755 in
1243 1688 1315 1755 line
1345 1690 1456 1755 modo

276 1799 513 1864 clausularum
538 1797 638 1885 quasi
655 1798 825 1885 epimetro
849 1798 978 1884 quibus
1000 1796 1196 1884 praemittit
1219 1797 1326 1863 verba
1348 1798 1457 1864 πολλὰ

278 1896 308 1971 δ’
332 1909 371 1969 ἄν
394 1931 437 1977 τις
461 1908 578 1972 ἐννοῶν
601 1916 637 1972 et
659 1895 904 1989 καταμέμψαιτ’
928 1908 967 1970 ἀν
989 1932 1043 1984 τις
1066 1915 1102 1971 et
1125 1907 1205 1971 ἔνθα
1229 1906 1268 1988 ὀὴ
1293 1914 1329 1970 et
1359 1906 1458 1970 ούόὲν

276 2015 337 2098 γὰρ
361 2015 416 2087 ὡς,
440 2011 551 2078 rarius
575 2010 611 2078 in
636 2010 739 2078 initio
763 2011 932 2078 orationis
943 2013 975 2098 1),
1007 2011 1096 2077 aliae
1120 2010 1156 2077 in
1180 2009 1456 2097 parenthesibus

276 2118 313 2186 in
353 2118 481 2206 quibus
519 2117 670 2205 ellipsim
710 2117 807 2185 verbi
846 2122 925 2185 εἶναι
963 2118 1121 2201 adhibet,
1172 2115 1261 2184 aliae
1299 2115 1457 2203 denique

276 2224 448 2313 particula
487 2227 547 2310 γὰρ
586 2225 854 2312 coniunguntur
888 2235 951 2291 aut
989 2224 1194 2308 asyndetica
1228 2221 1365 2289 ratione
1402 2221 1457 2289 in-

277 2343 452 2399 semntur.

576 2529 662 2616 περὶ
686 2532 806 2613 τύχης
827 2532 892 2597 καὶ
913 2531 1151 2613 μεταβολῶν.

384 2673 471 2751 ὀξεῖα
493 2673 552 2755 μὲν
574 2673 714 2756 πολέμου
730 2675 824 2755 ῥοπή,
848 2679 916 2737 τῶν
932 2663 962 2736 δ’
978 2669 1196 2753 ἀνθρωπίνων
1212 2670 1305 2736 οὐδὲν
1320 2672 1456 2753 βέβαιον

278 2781 333 2844 ΙΙΙ
351 2782 424 2844 396.

384 2890 455 2953 οὔτε
488 2888 527 2952 τὸ
563 2889 728 2969 δυστυχεῖν
751 2889 822 2951 οὔτε
844 2887 1027 2951 τούναντίον
1050 2886 1084 2949 ἓν
1110 2886 1296 2966 ἀιύρώποις
1310 2885 1456 2966 βέβαιον,

277 2984 346 3059 ἀλλ’
370 2996 450 3058 ἔστιν
472 2996 553 3060 ἷάεῖν
576 2993 830 3076 ἐπαμειβομένην
853 2989 899 3064 εἷς
922 2989 1053 3076 ἑκάτερα
1075 2993 1131 3074 τὴν
1148 2994 1252 3074 τύχην.
1300 2992 1407 3056 1374.

384 3101 462 3164 ἀλλὰ
486 3103 544 3187 γὰρ
567 3103 606 3166 οὐ
630 3101 765 3165 δυνατὸν
789 3101 975 3182 ἀνδρώποις
996 3100 1035 3165 τὸ
1058 3099 1165 3185 χρεὼν
1188 3099 1353 3181 διαφυγεῖν
1377 3100 1457 3164 οὐδὲ

279 3210 529 3294 προορωμένοις
545 3209 595 3274 VI
609 3211 673 3271 314
686 3234 722 3263 <v
734 3208 783 3272 Vl
799 3210 872 3289 395,
898 3208 949 3273 IV
962 3210 1013 3287 40,
1037 3207 1089 3272 IV
1102 3208 1153 3287 42,
1177 3206 1228 3272 VI
1239 3207 1289 3286 63,
1313 3205 1364 3270 VI
1382 3207 1456 3288 176,

279 3315 332 3379 ΙΙΙ
351 3318 424 3396 440,
449 3315 556 3396 1373,
580 3316 630 3381 VI
649 3317 722 3394 267,
746 3315 779 3380 V
795 3317 869 3395 461,
895 3315 909 3376 I
928 3316 1000 3379 208.

384 3428 448 3499 τοῖς
482 3421 541 3505 μὲν
564 3421 624 3502 γὰρ
648 3421 682 3494 ἐξ
705 3421 835 3503 ἀδήλων
858 3423 1063 3486 ἐπιπεσοῦσιν
1085 3420 1201 3491 δεινοῖς
1223 3419 1262 3485 τὸ
1285 3424 1363 3501 γοῦν
1385 3419 1456 3485 ἔλε-

278 3530 385 3594 εῖσύαι
407 3530 572 3610 περίεστιν,
595 3528 614 3592 ὁ
638 3518 668 3592 δ’
684 3522 730 3598 εἷς
752 3527 914 3611 πρόάηλον
937 3528 1101 3593 ἀπώλειαν
1119 3527 1264 3610 ὁρμήσας
1279 3526 1333 3591 καὶ
1349 3547 1457 3611 προσ-

278 3636 471 3710 ονειάίζεται
519 3635 644 3699 11396.

387 3740 438 3826 (cl.
458 3737 642 3824 Polybium
660 3742 738 3822 117,
754 3745 779 3806 l.
814 3741 854 3806 τὸ
872 3741 1007 3828 μὲνγὰρ
1024 3741 1214 3825 ἀνθρώπους
1235 3728 1331 3818 ύντας
1346 3763 1456 3821 παρα-

278 3849 384 3931 λόγως
405 3855 589 3932 περιπεσεῖν
611 3873 670 3914 τινι
692 3853 757 3912 τῶν
780 3849 892 3913 δεινῶν
916 3849 954 3913 οὐ
977 3854 1045 3913 τῶν
1067 3847 1249 3924 παθόντων,
1276 3853 1331 3929 τῆς
1352 3847 1457 3930 τύχης

280 3958 315 4021 ἀὲ
337 3957 393 4021 καὶ
417 3958 612 4040 πραξάντων
635 3954 723 4021 ἐστὶν
745 3957 896 4038 ἔγκλημα,
931 3955 970 4019 τὸ
994 3944 1024 4019 δ’
1040 3956 1177 4040 ἀκρίτως
1199 3954 1253 4019 καὶ
1274 3957 1458 4036 προφανῶς

390 4151 415 4236 ¹)
438 4174 528 4232 supra
551 4177 581 4231 p.
598 4156 626 4215 7.
