3120 4958
580 328 802 391 ,35-

98 539 214 609 διδσύς.
248 541 419 621 μετάνοιαν
452 539 584 617 πολλοῖς
616 534 831 624 ὄνειργάσατο,
865 540 1062 623 κατάπληξιν
1097 541 1131 605 δὲ
1153 543 1274 607 ’πᾶσιν

99 647 150 712 tv
166 648 262 712 ιντιε
287 677 321 700 ω
345 646 397 711 1v
417 647 522 726 ιεοιτ,
546 647 650 710 1461.

609 807 757 884 κύκλος

205 930 268 993 ὑπδ
295 931 354 1012 μὲν
377 928 545 1013 Καίσαρος
572 932 705 1013 ἐφιλεῖτο
728 919 799 1013 μετ>
815 931 1006 1014 Ἂγρίππαν,
1031 920 1086 994 ὑπ’
1102 932 1273 1014 Ἀγρίππα

100 1037 135 1099 δὲ
156 1037 233 1119 μετὰ
258 1037 404 1121 Καίσαρα
428 1039 528 1101 1400
552 1065 587 1093 ω
612 1038 662 1104 IV
683 1041 756 1101 384.
802 1040 891 1126 (μέρει
906 1039 1048 1120 βάσανον
1067 1039 1177 1120 μνήμη
1195 1039 1271 1102 ἀνα-

99 1146 242 1230 φέρουσα
270 1144 302 1208 V
319 1147 388 1207 182.
434 1143 554 1226 τὸμὲν
578 1146 680 1227 εὑρεῖν
703 1146 823 1216 ἐκοπία,
852 1145 1065 1226 πανταχόθεν
1088 1146 1211 1227 ἄπορον
1234 1143 1273 1227 ἦν

98 1251 160 1333 ἤδη
184 1251 223 1314 τὸ
246 1253 347 1334 εὑρεῖν
374 1252 420 1316 VI
446 1253 518 1315 204.
565 1253 966 1334 ποιήσομαι-ἐποιησάμην
991 1252 1008 1313 1
1032 1253 1083 1314 30.
1129 1251 1188 1334 τὴν
1214 1252 1273 1332 μὲν

98 1357 191 1422 πάλιν
214 1359 311 1439 αὐτῷ,
335 1357 392 1421 τὸν
416 1358 451 1421 δὲ
474 1358 551 1422 ναδν
573 1365 611 1441 τῇ
633 1358 724 1422 πόλει
746 1359 855 1423 V334
880 1386 914 1415 ω
940 1358 1080 1439 111379,
1105 1358 1137 1424 V
1155 1361 1226 1422 440.

541 1537 822 1619 ἐπαναστρσφή.

206 1663 399 1744 στρατιώτης
423 1661 482 1742 μὲν
506 1661 715 1746 δεκαδάρχην,
751 1661 952 1745 δεκαδάρχης
979 1658 1008 1725 δ’
1031 1662 1274 1745 ἑκατοντάρχην,

100 1765 192 1837 οὗτος
215 1758 244 1831 δ’
261 1768 452 1842 ἐσπάυδαζεν
476 1769 654 1849 ἀρέσασδαι
677 1769 843 1851 χιλίαρχον,
875 1774 939 1832 τῶν
963 1769 997 1832 δὲ
1020 1769 1189 1852 χιλίαρχων
1212 1766 1273 1832 ἐπὶ

100 1873 173 1943 τοὺς
197 1874 355 1956 ἡγεμόνας
377 1877 397 1956 ἡ
421 1872 591 1956 φιλοτιμία
618 1877 743 1947 ἔτεινεν,
769 1876 823 1940 καὶ
845 1881 909 1938 τῶν
931 1876 1098 1961 ἡγεμόνων
1122 1871 1274 1957 ἐβράβευε

100 1981 156 2062 τὴν
179 1981 318 2062 ἅμιλλαν
341 1981 474 2062 Καῖσαρ
498 1983 616 2048 11503.
660 1981 810 2070 Ἡρώδης
832 1982 890 2064 μὲν
913 1983 932 2046 ὁ
955 1971 1170 2067 Ἀντιπάτρου
1184 1981 1272 2046 Σόσ-

101 2109 178 2166 σιον,
209 2088 352 2157 Σόσσιος
375 2089 410 2151 δὲ
429 2088 597 2171 Ῥωμαίων
621 2086 775 2171 στρατιάν
797 2092 916 2176 ἤγαγεν
939 2090 972 2155 V
995 2092 1059 2153 398
1084 2117 1118 2140 Ν
1143 2090 1174 2155 V
1199 2090 1272 2167 451,

99 2193 217 2258 V245.
265 2195 329 2274 ἐγὼ
352 2196 473 2276 φρίττω
496 2195 597 2276 λέγων
621 2197 665 2265 εἰς
687 2193 838 2272 ἀναξίους
861 2192 972 2276 ἀκοάς,
988 2196 1121 2260 ἀκούετε
1136 2183 1166 2260 δ’
1182 2197 1274 2276 ὅμως

100 2300 210 2364 νοτε
234 2327 269 2355 ω
293 2301 411 2381 V369,
435 2303 545 2382 41314,
571 2303 689 2383 Vns,
715 2304 788 2383 236,
812 2305 885 2366 568.
932 2303 1081 2384 ιμοιιειο
1101 2303 1274 2384 Ῥωμαιοις

95 2406 271 2477 Ἰουδαίους
293 2409 467 2480 σώζεσθαι,
487 2408 654 2479 Ἰουδαίοις
677 2410 762 2493 ἱερόν
786 2410 895 2472 11421
923 2435 958 2463 ω
983 2409 1085 2472 1173.
1134 2433 1272 2493 προκιν-

101 2513 573 2596 δυνεύοντος-προκινδυνεύσω
598 2516 739 2579 111483.
779 2517 942 2588 ἔπταισεν,
965 2515 1020 2579 καί
1043 2516 1076 2578 ἐν
1093 2518 1273 2598 πταίσματι

102 2621 205 2684 1430.
230 2621 444 2703 ἀδικούμενοι,
457 2621 642 2686 ἀδικεῖσθαι
656 2623 671 2683 1
689 2625 749 2684 124
762 2649 797 2677 ω
814 2623 829 2684 Ι
845 2624 918 2703 430,
936 2623 991 2684 III
1012 2624 1082 2702 107,
1099 2623 1272 2689 17134213.

99 2733 163 2790 πᾶν
186 2727 225 2810 ἦν
248 2716 329 2812 παρ’
341 2727 533 2810 Ἀντιπάτρῳ
555 2727 612 2792 καὶ
636 2718 691 2790 ἀπ’
704 2730 907 2814 Ἀντιπάτρου
931 2730 1023 2792 1469
1047 2755 1082 2784 ω
1106 2728 1212 2794 1573.

574 2889 792 2952 ἀσύνδετόν.

208 3015 424 3078 ἀκαταιτίατοι
457 3015 578 3096 ἄκριτοι
613 3014 664 3078 IV
680 3016 748 3077 109.
796 3013 863 3078 οἷον
886 3014 964 3078 ἄστυ
987 3015 1054 3078 οἷον
1076 3014 1164 3096 ἱερὸν
1187 3016 1274 3079 ὅσων

101 3121 207 3184 ἐθνῶν
241 3116 312 3201 ἱερά
336 3121 369 3185 V
393 3122 468 3182 416.
513 3117 566 3198 τίς
600 3121 658 3184 οὐκ
693 3121 777 3183 οἶδεν
810 3120 866 3202 τὴν
887 3121 1007 3198 παντὸς
1028 3117 1148 3205 θηρίου
1171 3145 1273 3187 κατα-

99 3228 292 3310 πλησθεῖσαν
315 3223 488 3314 Αἴγυπτον,
510 3227 566 3310 τὴν
588 3229 737 3309 ἄκαρπον
759 3234 833 3310 γῆν,·
855 3227 909 3290 τὸν
928 3228 1127 3292 ἐπιλείποντα
1149 3228 1273 3302 Νεῖλον,

100 3334 161 3412 τὰς
188 3335 363 3416 ἐπαλλήλας
392 3332 471 3399 δίκα
499 3329 640 3416 πληγάς,
672 3333 746 3410 τοὺς
769 3334 823 3398 διὰ
845 3340 946 3398 ταῦτα
970 3385 977 3399 .
1002 3384 1008 3398 .
1033 3384 1039 3398 .
1066 3358 1273 3417 προπεμπο-

100 3442 217 3523 μένους
228 3442 372 3521 πατέρας
388 3436 607 3521 ἀναιμάκτους
618 3440 806 3510 ἀκινδύνους
818 3441 850 3506 V
862 3443 926 3505 383
940 3439 995 3518 (de
1008 3437 1274 3505 enuntiatorum

101 3545 304 3628 asyndetica
327 3555 504 3611 structura
528 3547 567 3611 ci.
591 3565 697 3631 supra
720 3566 751 3631 p.
769 3547 832 3629 64).

209 3689 290 3772 Quo
313 3689 389 3755 loco
412 3687 501 3754 mihi

443 3832 489 3899 de
512 3833 698 3901 tetracolts
722 3836 758 3900 et
781 3832 922 3901 tricolis

101 3954 345 4022 disserendum
368 3966 430 4038 est
454 3977 603 4042 quorum
627 3954 698 4022 iam
712 3954 931 4023 mentionem
946 3955 1013 4023 feci
1029 3964 1072 4043 (p.
1090 3959 1154 4040 64),
1178 3978 1275 4025 nunc

101 4064 263 4149 exempla
286 4064 403 4147 affero,
428 4085 447 4128 e
470 4061 599 4148 quibus
618 4061 773 4129 maxime
794 4085 901 4149 quam
917 4061 1107 4150 diligenter
1130 4061 1276 4130 rhetori·

101 4192 160 4236 cas
184 4181 276 4237 artes
300 4169 541 4236 observaverit
564 4179 600 4236 et
623 4168 823 4236 adhibuerit
845 4181 963 4256 potest
986 4168 1160 4257 cognosci.
