3120 4958
776 338 996 401 ..14-

306 543 440 634 positas
475 549 514 618 L.
544 546 827 638 Friedlaende11)
861 560 954 618 recte
989 534 1261 626 demonstravit,
1295 547 1482 618 exornatio

306 665 425 721 autem
441 653 478 720 in
496 655 666 744 exemplis
682 667 718 722 et
733 655 1009 745 propinquarum
1032 669 1069 726 et
1083 668 1297 726 remotarum
1313 657 1479 744 gentium

306 760 481 847 explicate
511 761 626 830 allatis
649 774 816 831 versatur.
864 763 935 831 Hic
957 763 1052 833 enim
1085 764 1186 832 illum
1216 766 1333 832 locum
1357 788 1378 832 a
1400 764 1480 831 rhe-

308 867 442 935 toribus
481 892 646 958 persaepe
679 869 851 937 usitatum
888 870 1104 955 invenimus,
1142 870 1202 960 qui
1236 871 1273 938 id
1312 870 1397 959 agit,
1437 880 1480 939 ut

306 974 477 1062 exemplis
500 975 789 1066 quamplurimis
813 977 1002 1046 cumulatis
1029 978 1266 1046 subiectarum
1289 978 1478 1047 nationum

304 1082 591 1169 magnitudinem
623 1083 761 1174 imperii
797 1084 949 1153 Romani
982 1084 1033 1174 (id
1069 1087 1162 1174 quod
1197 1086 1234 1153 in
1268 1086 1478 1154 celebrando

307 1188 517 1276 imperatore
537 1192 732 1259 Menander
761 1187 823 1266 τάς
844 1190 980 1281 πράξεις
1009 1192 1216 1261 nominabat
1245 1204 1281 1261 et
1303 1215 1479 1260 commen·

308 1297 430 1384 dabat)
447 1295 618 1387 depingat
640 1309 677 1367 et
692 1301 869 1386 quandam
885 1298 1140 1368 sublimitatem
1155 1298 1292 1368 efficiat.
1339 1300 1479 1371 Eadem

307 1425 391 1471 vero
405 1404 670 1473 enumeratione
685 1405 761 1474 sive
777 1417 881 1474 aucta
896 1405 971 1475 sive
985 1405 1125 1475 minuta
1142 1405 1326 1493 Polybium
1342 1417 1378 1475 et
1393 1407 1478 1474 Dio-

306 1511 448 1596 nysium
469 1511 780 1581 Halicarnasseum
804 1525 840 1582 et
854 1513 996 1582 Aelium
1010 1513 1201 1581 Aristidem
1221 1525 1257 1582 et
1272 1513 1478 1604 Appianum

305 1640 376 1685 non
400 1620 506 1686 modo
533 1619 570 1687 in
597 1619 825 1706 orationibus,
860 1622 921 1688 sed
949 1620 1057 1689 etiam
1079 1620 1116 1688 in
1143 1620 1361 1710 praelatione
1383 1619 1477 1688 aliis-

304 1748 372 1812 que
414 1726 529 1814 operis
570 1726 730 1814 partibus
772 1750 849 1794 esse
887 1750 969 1794 usos
1009 1726 1173 1816 Kaibe12)
1211 1726 1479 1812 demonstravit,

304 1832 431 1919 quibus
452 1835 580 1901 addere
602 1832 707 1902 liceat
728 1833 817 1901 mihi
834 1833 1019 1901 Philonem
1042 1835 1149 1922 (quod
1172 1835 1259 1901 deus
1282 1833 1329 1901 sit
1351 1824 1479 1901 immu-

304 1940 422 2007 tabilis
449 1945 630 2008 173-176.
760 1945 790 2008 εἰ
819 1941 856 2009 δέ
888 1943 933 2026 μὴ
967 1945 1070 2015 δόλοις
1102 1943 1161 2014 τάς
1182 1949 1247 2008 τῶν
1272 1942 1353 2008 κατὰ
1375 1941 1478 2029 μέρος

303 2050 488 2134 ἀνθρώπων
525 2051 678 2124 ἐξετάζειν
713 2051 825 2133 τύχας,
867 2055 987 2134 χωρῶν
1024 2051 1109 2115 ὅλων
1146 2047 1203 2115 καὶ
1241 2052 1350 2115 ἐθνῶν
1388 2049 1478 2132 πρὸς

302 2157 338 2221 τδ
372 2156 407 2221 εὖ
441 2155 499 2222 καὶ
531 2164 636 2241 χεῖρον
668 2157 858 2241 μεταβολάς.
907 2159 1050 2241 ἤκμασόυ
1083 2182 1158 2222 ποτε
1188 2159 1208 2241 ἡ
1240 2157 1362 2230 Ἑλλάς,
1397 2157 1477 2220 ἀλλὰ

303 2263 496 2336 Μακεδόνες
527 2265 605 2350 κτλ.)
639 2260 699 2348 qui
737 2261 900 2350 producit
938 2266 1060 2329 Persas
1096 2262 1244 2329 Parthos
1277 2261 1476 2348 Aegyptios

304 2368 496 2457 Aethiopes
520 2367 772 2457 Carthaginem
795 2367 946 2454 Libyam
971 2373 1123 2436 Pontum
1147 2369 1326 2458 Europam
1351 2366 1475 2434 Asiam

302 2477 358 2543 καὶ
386 2479 542 2544 συνελόντι
573 2479 693 2562 φράσω
724 2483 832 2544 πᾶσαν
861 2478 920 2562 τὴν
949 2479 1148 2562 οἰκουμένην,
1180 2486 1216 2543 et
1246 2475 1474 2542 Plutarchum

302 2586 369 2672 περὶ
390 2593 445 2670 τῆς
463 2586 632 2669 Ῥωμαίων
653 2585 749 2669 τύχης
772 2588 836 2650 317
862 2583 898 2650 F.
934 2587 953 2669 ἦ
980 2585 1063 2669 Τύχη
1087 2585 1318 2650 καταλιποῦσα
1341 2585 1476 2667 Πέρσας

302 2693 356 2758 καὶ
377 2681 565 2777 Ἀσσυρίους
583 2691 790 2759 Μακεδόνων
804 2690 866 2775 μὲν
882 2692 1004 2780 ἐλαφρὰ
1021 2693 1125 2775 διέστη
1141 2692 1195 2755 καὶ
1209 2692 1334 2774 ταχέως
1349 2691 1476 2755 ἀπεσεί-

303 2822 381 2866 σατο
402 2787 608 2885 Ἀλέξανδρον
630 2800 685 2865 καὶ
708 2788 749 2863 δι’
763 2799 928 2882 Αἰγύπτου
950 2800 1006 2865 καὶ
1027 2799 1149 2881 Συρίας
1170 2796 1390 2881 περιφέρουσα
1412 2803 1474 2880 βα-

303 2907 406 2977 σιλέας
429 2906 581 2971 διώδευσε
603 2907 656 2971 καὶ
672 2906 911 2990 Καρχηδονίους
933 2908 1129 2995 στρεφομένη
1149 2906 1299 2974 πολλάκις
1320 2905 1475 2987 ἐβάστασε

302 3022 338 3078 et
362 3016 425 3078 323
451 3011 621 3078 R-sm
645 3015 686 3078 D.
722 3043 757 3066 ω
778 3012 957 3098 Josephus
984 3009 1019 3076 in
1050 3011 1110 3076 illa
1137 3009 1296 3079 oratione
1319 3007 1472 3095 obliqua,

303 3140 392 3206 quae
420 3117 623 3186 summatim
651 3129 902 3206 argumentum
930 3115 1134 3206 panegyrici
1162 3115 1290 3203 repetit
1317 3127 1353 3182 et
1381 3138 1473 3183 com-

302 3225 467 3312 plectitur

408 3335 442 3401 V
457 3337 530 3400 367.
565 3337 736 3419 μεταβῆναι
771 3334 832 3418 γδρ
854 3333 935 3416 πρός
958 3333 1073 3412 αὐτοὺς
1095 3333 1262 3398 ποντόθεν
1283 3332 1342 3416 τὴν
1364 3333 1471 3417 τύχην,

304 3443 358 3506 καὶ
380 3442 460 3507 κατά
493 3443 588 3514 ἔθνος
616 3442 674 3508 τὸν
696 3441 777 3508 δεόν
799 3442 1030 3525 ἐμπεριάγοντα
1056 3440 1112 3523 τὴν
1135 3440 1234 3526 ἀρχὴν
1255 3446 1311 3503 νῦν
1341 3437 1392 3504 ἐπὶ
1414 3447 1473 3523 τῆς

298 3550 431 3629 Ἰταλίας
452 3551 537 3616 εἶναι.
660 3541 662 3546 ’

410 3658 492 3722 Huc
515 3676 654 3743 quoque
684 3664 846 3742 spectant
873 3650 985 3718 oratio
1013 3650 1170 3719 Caesaris
1198 3672 1304 3738 quam
1328 3647 1471 3716 Cassius

303 3761 371 3829 Dio
398 3760 507 3849 lingit
534 3762 597 3852 (38,
622 3764 713 3831 37l8l
741 3772 777 3827 et
799 3759 955 3828 Velleius
985 3760 1189 3825 Paterculus
1212 3761 1228 3822 I
1254 3762 1273 3823 6
1302 3768 1337 3824 et
1364 3778 1470 3843 pane-

412 4000 435 4078 ¹)
459 4000 549 4058 index
564 4003 633 4058 lect.
645 4000 812 4076 Regimont
833 3997 914 4058 1873
932 3997 970 4058 cl.
983 3995 1205 4055 Domaszewski
1221 3996 1275 4056 Rh.
1286 3996 1361 4052 Mus.
1376 3993 1469 4063 1892,

302 4089 344 4150 47
367 4110 396 4166 p.
421 4089 494 4151 207.

410 4193 437 4280 ²)
461 4196 590 4255 Hermes
606 4195 662 4254 XX
677 4216 705 4272 p.
720 4194 794 4256 497.
816 4194 931 4270 Dionys
946 4214 973 4252 v.
987 4192 1143 4251 Halikarn.
1157 4193 1219 4250 und
1243 4192 1293 4250 die
1308 4191 1469 4268 Sophistik.
