3120 4958
669 369 872 432 ..6-

296 583 480 666 Quantum
491 602 593 668 porro
605 579 783 669 Josephus
799 577 977 647 doctrinas
992 579 1133 646 scholae
1149 578 1195 646 sit
1207 587 1360 662 secutus,

186 690 243 756 vel
272 687 354 754 inde
377 697 496 776 potest
518 686 693 775 cognosci,
716 688 810 775 quod
833 686 930 754 illam
959 685 1250 754 consuetudinem
1259 691 1281 765 ¹)
1304 707 1360 752 res

190 795 225 863 in
251 807 436 883 utramque
458 805 596 884 partem
619 793 793 863 tractandi
827 805 864 862 et
898 793 1058 861 vertendi
1082 793 1222 881 saepius
1246 793 1362 859 obser-

188 901 295 970 vavit
319 902 426 972 Unde
441 901 485 969 iit
500 913 541 970 ut
556 923 769 990 quamquam
785 899 963 989 scriptoris
978 899 1088 989 ipsius
1105 901 1149 966 de
1164 901 1268 967 rebus
1284 921 1362 966 sen-

189 1008 338 1078 tentiam
372 1006 570 1097 intelligere
603 1031 675 1076 non
706 1030 903 1097 possumus,
938 1019 1056 1076 tamen
1088 1030 1142 1074 res
1174 1017 1211 1074 et
1242 1028 1361 1074 rerum

189 1139 312 1186 causas
335 1140 357 1184 a
380 1115 527 1185 diversis
549 1115 708 1204 personis
732 1127 768 1184 et
789 1115 897 1184 variis
920 1114 1115 1183 rationibus
1131 1112 1308 1203 expositas
1325 1123 1362 1182 et

192 1224 385 1293 illustratas
408 1222 600 1292 videamus.

297 1334 559 1419 Argumentum
589 1340 709 1398 autern
732 1329 932 1399 orationum
964 1351 1036 1396 non
1063 1330 1169 1396 modo
1193 1327 1361 1396 suasoriis

190 1436 399 1524 continetur,
423 1439 484 1506 sed
508 1437 616 1505 etiam
639 1437 727 1505 libro
742 1436 856 1526 primo
879 1460 934 1505 res
957 1435 1138 1504 iudiciales
1162 1435 1308 1523 attingit
1325 1446 1363 1502 et

190 1544 361 1635 oppositis
391 1568 449 1613 reo
475 1544 660 1633 Antipatro
692 1544 767 1613 lilio
800 1555 836 1612 et
862 1555 1064 1613 accusatore
1093 1545 1235 1611 Herode
1261 1553 1361 1630 patre

191 1652 304 1744 λόγους
335 1651 521 1735 δικανικούς,
557 1663 594 1720 et
617 1643 850 1743 ἅπολογητικὸν
877 1662 913 1719 et
941 1649 1157 1741 κατηγορικόν,
1191 1650 1360 1738 producit

191 1761 262 1829 Sed
290 1782 370 1827 cum
398 1781 441 1825 ex
465 1757 683 1826 orationibus
706 1758 792 1847 ipsis
814 1781 946 1848 paucos
969 1761 1064 1826 locos
1088 1760 1220 1842 aflerat,
1253 1756 1313 1845 qui
1329 1757 1362 1824 ei

194 1868 239 1935 ad
263 1878 355 1935 artes
379 1867 589 1933 exercendas
613 1877 649 1934 et
672 1867 808 1935 animos
824 1867 1080 1955 permovendos
1096 1863 1269 1952 aptissimi
1285 1887 1363 1931 esse

195 1974 414 2055 videbantur,
442 1973 787 2060 argumentationem
811 1985 938 2058 autem,
971 1971 1119 2060 quaein
1144 1970 1363 2039 orationibus

194 2079 416 2148 iudicialibus
447 2079 593 2147 maximi
624 2079 789 2169 ponderis
823 2091 885 2165 est,
916 2079 1057 2148 omittat
1084 2091 1120 2147 et
1151 2079 1362 2166 neglegat2),

192 2190 221 2275 (Ι
246 2192 318 2255 629.
342 2178 489 2273 Ἡρώδης
516 2192 622 2256 ἔνευσε
644 2186 796 2278 Νικολάῳ
829 2188 888 2255 τινὶ
919 2184 980 2261 τὰς
1013 2179 1196 2267 ἀποδείξεις
1230 2187 1362 2276 Akyaia),

193 2293 340 2362 dubium
375 2317 452 2361 esse
485 2293 660 2379 videatur,
701 2306 821 2363 utrum
854 2296 921 2362 hae
956 2293 1131 2362 orationes
1166 2292 1292 2379 liguris
1327 2303 1363 2359 et

193 2400 426 2486 incrementis,
460 2400 727 2489 gradationibus
758 2413 793 2469 et
816 2399 1151 2488 amplificationibus
1174 2411 1363 2466 exornatae

193 2519 300 2596 atque
315 2508 508 2576 instructae
523 2530 638 2575 rerum
654 2509 773 2576 indole
793 2519 829 2576 et
844 2519 1019 2576 structura
1034 2505 1149 2593 magis
1166 2509 1364 2574 naturalem

194 2614 440 2703 eloquentiam,
473 2638 579 2703 quam
608 2638 713 2683 causa
735 2627 771 2684 et
794 2617 942 2682 aflectus
965 2616 1154 2702 postulent,
1186 2638 1231 2681 an
1256 2612 1365 2681 artili-

194 2721 325 2790 ciosam
348 2723 535 2790 redoleant
584 2726 749 2790 Attamen
774 2723 954 2806 nonnulla,
978 2744 1067 2810 quae
1091 2743 1171 2789 cum
1195 2718 1365 2787 doctrinis

194 2830 375 2897 rhetorum
391 2828 626 2914 consentiunt,
649 2829 708 2898 hic
723 2831 877 2914 afferam,
900 2852 945 2896 ne
960 2827 1139 2917 praeteriri
1160 2827 1362 2896 videantur:

304 2976 320 3038 Ι
345 2976 519 3040 622-628
543 2971 638 3057 λόγος
659 2972 871 3063 κατηγορικός.

302 3100 319 3164 l
344 3101 407 3163 622
432 3097 650 3187 prooemium
680 3121 724 3165 ex
747 3110 948 3166 accusatore
972 3109 1008 3165 et
1029 3097 1145 3165 iudice
1173 3106 1362 3183 sumptum.

197 3205 356 3273 Herodes
378 3203 652 3272 misericordiam
675 3204 800 3274 iudicis
823 3205 994 3294 implorat

307 3490 331 3578 ¹)
355 3496 392 3557 cl.
411 3497 636 3573 Hermogenem
659 3497 687 3555 Il
703 3517 732 3574 p.
752 3497 856 3562 19314.
873 3499 921 3575 Sp.
942 3499 994 3576 qui
1014 3499 1225 3576 quaestionem
1240 3507 1364 3560 tractat:

196 3576 255 3648 ἐὰν
276 3580 337 3665 μὲν
359 3578 534 3666 γράφωμεν
555 3583 704 3666 πολεμεῖν
719 3620 763 3631 -
778 3576 834 3648 ἐὰν
857 3585 892 3650 δὲ
907 3585 1118 3668 moldonea
1134 3601 1166 3646 et
1179 3588 1365 3663 Thucydidis

198 3685 418 3777 poetarumque
447 3660 620 3755 ἀντιλογίας
647 3685 678 3734 et
701 3695 738 3734 ex
765 3695 820 3735 usu
844 3678 1045 3753 sophistarum
1068 3679 1239 3736 Polemonis
1262 3678 1364 3736 decla·

197 3774 356 3823 matrones.

305 3870 328 3946 ²)
352 3889 537 3948 quamquam
561 3874 618 3931 hac
641 3873 672 3930 in
694 3891 727 3932 re
750 3874 842 3932 etiam
867 3875 896 3931 in
920 3874 1031 3932 scholis
1054 3892 1147 3950 saepe
1168 3876 1280 3951 pariter
1295 3894 1363 3935 esse

199 3968 300 4018 actum
324 3961 441 4018 Seneca
463 3963 565 4019 rhetor
587 3963 720 4021 ostendit
735 3967 880 4040 (controv.
896 3963 939 4020 IX
961 3961 1055 4040 praef.
1070 3963 1083 4021 1
1100 3963 1232 4034 Norden,
1255 3965 1364 4024 Antike

199 4049 345 4125 Kuustpr.
362 4069 392 4126 p.
408 4048 499 4125 273):
524 4051 575 4127 qni
603 4052 858 4110 declamationem
881 4061 977 4128 parat,
1000 4052 1104 4110 scribit
1126 4073 1185 4112 non
1210 4063 1243 4112 nt
1265 4055 1366 4113 vincat

198 4138 253 4197 sed
276 4146 308 4196 ut
330 4139 466 4215 placeat:
491 4141 592 4198 omnia
608 4141 710 4217 itaque
731 4141 882 4199 lenocinia
902 4142 1064 4217 conquirit:
1089 4144 1365 4220 argumentationes

198 4228 269 4303 quia
292 4229 439 4287 molestae
463 4237 532 4287 sunt
553 4237 585 4287 et
606 4230 763 4288 minimum
786 4232 900 4289 habent
922 4231 1002 4289 floris
1024 4231 1175 4308 relinquit
