3120 4958
791 333 1007 395 -10..

311 542 453 613 extendi
482 542 644 609 nonnulli
668 543 838 610 vetabant
860 541 996 631 (Quint.
1018 546 1070 613 IV
1093 547 1122 628 5,
1139 543 1183 632 3),
1210 566 1287 611 esse
1310 553 1483 627 secutum,

311 650 461 718 doceant
483 650 571 717 haec
593 651 713 717 verba:

418 760 470 826 IV
496 761 565 824 186.
589 759 864 842 καταπλήσσονται
888 748 1010 839 δ’ἴσως
1032 762 1064 824 οῖ
1084 759 1194 825 πολλοὶ
1215 760 1251 824 τδ
1274 761 1405 844 πλῆθος
1428 762 1484 826 καὶ

309 867 365 949 τὴν
386 866 513 949 τόλμαν,
547 867 589 930 ἔτι
613 867 647 931 δὲ
666 866 720 930 καῖ
746 866 802 949 τήν
829 862 867 932 ἐκ
889 874 947 932 τοῦ
974 868 1073 933 τόπου
1097 866 1293 941 πλεονεξίαν,
1329 887 1419 952 quae
1442 864 1481 932 in

311 969 470 1058 sequenti
488 969 795 1058 argumentatione
819 973 1043 1059 comprobata
1064 973 1135 1039 fere
1158 973 1367 1040 adverbum
1390 970 1483 1039 exci-

311 1076 458 1164 piuntur
484 1082 545 1144 187
567 1081 704 1169 πιηεος,
731 1083 792 1144 189
815 1079 924 1164 τόλμα,
951 1084 1012 1146 189
1035 1079 1255 1170 πλεονέκτημα
1278 1080 1366 1166 (cr1
1391 1080 1480 1167 462).

417 1186 530 1252 Multo
559 1196 678 1252 autem
706 1184 921 1253 accuratiore
949 1184 1140 1273 partitione
1167 1185 1281 1253 utitur
1301 1187 1481 1275 Josephus

309 1291 346 1358 in
376 1291 437 1359 illa
466 1290 623 1359 suasoria
650 1290 744 1380 regis
766 1290 947 1380 Agrippae
970 1295 1019 1378 (II
1044 1291 1120 1382 345)
1148 1293 1204 1360 vel
1228 1291 1346 1380 potius
1374 1315 1481 1380 pane-

310 1397 430 1485 gyrico
465 1397 601 1487 imperii
627 1397 778 1466 Romani
813 1420 919 1486 supra
941 1421 973 1487 p.
996 1405 1015 1465 8
1040 1410 1319 1483 commemorato
1348 1398 1480 1486 inquo

309 1504 498 1593 diligenter
532 1506 774 1593 componendo
809 1517 845 1573 et
872 1528 977 1594 quam
1008 1505 1241 1593 pulcherrime
1274 1507 1479 1573 exornando

309 1634 390 1678 eum
413 1634 587 1679 summam
618 1635 760 1700 operam
791 1612 1058 1700 consumpsisse,
1089 1625 1192 1681 etex
1222 1612 1380 1680 oratione
1403 1624 1479 1680 tota

309 1729 345 1786 et
368 1741 387 1785 e
410 1719 526 1786 verbis
549 1718 799 1807 propositionis
821 1731 939 1807 potest
962 1720 1142 1807 cognosci:

415 1829 450 1892 II
464 1831 536 1893 348.
561 1829 634 1894 οἶδα
648 1829 707 1912 μὲν
723 1827 780 1893 ούν
792 1829 841 1894 ὅτι
855 1827 975 1895 πολλοὶ
986 1829 1041 1900 τδς
1053 1831 1088 1893 ἐκ
1100 1835 1164 1893 τῶν
1176 1830 1360 1911 ἐπιτρόπων
1371 1831 1480 1912 ὕβρεις

307 1933 363 2000 καὶ
386 1935 423 1999 τὰ
446 1943 500 2019 τῆς
523 1935 707 2020 ἐλευθερίας
722 1934 867 2019 ἐγκώμια
888 1937 1119 2020 τραγωδοῦοιν,
1143 1936 1207 2018 ἐγὼ
1224 1937 1258 2000 δὲ
1274 1937 1352 2021 πρὶν
1372 1937 1478 2010 ἐξετά-

309 2044 371 2117 ζειν
397 2044 476 2121 τίνες
499 2045 585 2121 ὄντες
608 2044 660 2108 καλ
682 2045 760 2108 τίσιν
783 2044 965 2127 ἐπιχειρεῖτε
986 2043 1142 2127 πολεμεῖν,
1166 2049 1298 2130 πρῶτον
1323 2044 1479 2119 διαζεύξω

307 2149 363 2232 τήν
385 2150 571 2233 συμπλοκήν
593 2156 657 2214 τῶν
681 2151 915 2236 προφάσεωνδ)

416 2257 548 2339 Restat,
566 2266 605 2322 ut
621 2266 741 2322 earum
757 2255 965 2340 orationum,
985 2277 1075 2343 quae
1091 2257 1134 2322 de
1149 2267 1262 2323 morte
1277 2255 1479 2324 voluntaria

307 2359 450 2428 habitae
466 2361 502 2428 in
516 2373 700 2450 utramque
711 2375 847 2450 partem
860 2364 953 2430 hanc
968 2363 1210 2451 quaestionem
1227 2362 1263 2430 in
1277 2362 1478 2433 Stoicorum

308 2467 524 2556 aliarumque
548 2480 722 2537 sectarum
750 2469 879 2538 scholis
901 2469 1029 2538 iterum
1057 2481 1164 2559 atque
1187 2469 1314 2538 iterum
1338 2494 1477 2538 summo

419 2665 443 2750 ¹)
467 2671 504 2728 cs.
529 2673 729 2730 Anaximenes
751 2667 841 2751 τέχνη
866 2671 931 2752 ῥητ.
955 2672 1014 2747 Ιρ.
1034 2670 1094 2732 184
1111 2673 1161 2746 Sp.
1177 2669 1255 2752 περὶ
1277 2671 1402 2752 εἰρήνης
1424 2672 1478 2734 καῖ

306 2757 456 2870 πολέμοιρ.
491 2759 674 2840 προφάσεις
705 2759 764 2840 μὲν
797 2757 855 2823 ούν
889 2760 962 2823 εἰσιν
984 2765 1040 2822 τοῦ
1062 2759 1204 2840 πολέμου
1228 2759 1376 2841 ἐκφέρειν
1398 2760 1478 2843 πρός

306 2869 393 2916 τινας
415 2869 506 2910 aoros
529 2896 536 2911 .
559 2897 566 2912 .
591 2898 598 2913 .

414 2938 466 2998 21.
489 2935 544 3000 ἐὰν
565 2936 707 3018 πόλεμον
725 2937 880 3019 μέλλοντα
895 2937 1034 3018 γίνεσθαι
1051 2937 1236 3001 διακωλύειν
1251 2938 1476 3019 ἐπιχειρῶμεν,

306 3029 435 3104 πρῶτον
471 3025 530 3107 μὲν
569 3025 619 3090 διὰ
657 3027 849 3108 προφάσεων
887 3026 1026 3090 δεικτέον
1063 3029 1083 3109 ἢ
1121 3026 1281 3095 παντελῶς
1321 3023 1477 3109 οὐδεμίαν

306 3113 556 3197 ύπδρχοοοανή
579 3115 696 3198 μικρὰς
718 3115 772 3179 καλ
790 3115 935 3186 ταπεινὰς
957 3116 1056 3193 οὔσας
1077 3114 1132 3186 τὰς
1145 3110 1343 3197 δυσχερείας,
1367 3112 1474 3181 ἔπειθ’

308 3202 355 3279 ὡς
389 3204 427 3266 ού
462 3202 618 3288 συμφέρει
651 3205 810 3286 πολεμεῖν,
845 3205 1024 3282 διεξιόντας
1057 3203 1097 3268 τὰ
1129 3204 1209 3269 κατὰ
1235 3203 1293 3268 τδν
1327 3203 1477 3286 πόλεμον

307 3291 491 3374 ἀτυχήματα
512 3298 580 3364 τοῖς
603 3294 806 3376 ἀνθρώποις.

418 3384 465 3444 14.
488 3384 698 3464 περιγίνονται
732 3381 769 3448 δὲ
802 3383 914 3454 πάντες
941 3387 961 3466 ή
986 3382 1040 3448 διδ
1062 3382 1121 3464 τήν
1143 3388 1211 3446 τῶν
1230 3382 1318 3446 θεῶν
1341 3384 1475 3463 εὔνοιαν,

306 3471 346 3551 ἢν
368 3471 509 3552 εὐτυχίαν
532 3472 828 3555 προσαγορεύομεν,
851 3475 871 3555 ἢ
896 3472 949 3535 διὰ
973 3471 1131 3554 σωμάτων
1153 3472 1277 3554 πλῆθος
1291 3472 1345 3534 καῖ
1360 3472 1476 3554 ῥώμην

306 3560 326 3639 ή
362 3557 412 3621 διὰ
446 3560 619 3648 χρημάτων
655 3558 816 3643 εὐπορίαν
850 3564 870 3643 ή
906 3561 959 3625 διὰ
994 3567 1168 3644 στρατηγοῦ
1195 3561 1348 3644 φρόνησιν
1376 3563 1395 3642 ή
1423 3560 1475 3624 διὰ

306 3647 486 3729 συμμάχων
509 3649 622 3732 ἀρετήν
645 3653 664 3732 ἢ
689 3649 740 3714 διὰ
763 3650 871 3714 τόπων
893 3649 1036 3736 εὐφυίαν.

414 3739 502 3808 Quae
530 3743 623 3799 verba
650 3749 712 3800 tam
746 3743 895 3819 explicate
929 3743 1057 3810 laudavi,
1092 3761 1152 3801 non
1180 3743 1262 3818 quod
1297 3741 1474 3820 existimem,

305 3827 471 3903 josephum
495 3837 527 3887 et
549 3831 701 3890 adiutores
723 3833 861 3908 religiose
878 3833 954 3890 haec
977 3840 1143 3907 praecepta
1167 3831 1347 3907 disponendi
1370 3833 1475 3889 obs'er·

305 3935 401 3979 vasse.
434 3920 488 3976 sed
511 3927 544 3977 ot
566 3938 603 3978 ex
626 3939 685 3978 uno
709 3923 848 3997 exemplo
877 3930 1083 3996 cognoscatur,
1114 3938 1204 3996 quam
1229 3920 1419 3995 frequentata
1443 3929 1475 3978 et

305 4008 429 4081 pertrita
453 4010 529 4066 haec
552 4011 718 4086 propositio
742 4012 771 4068 in
787 4013 940 4068 rhetorum
957 4011 1067 4068 scholis
1090 4009 1186 4076 fuerit.
1209 4010 1261 4086 qni
1277 4010 1336 4068 loci
1360 4010 1474 4067 similes

307 4096 454 4154 tralaticia
479 4099 611 4174 quadam
634 4101 751 4158 ratione
775 4119 793 4156 a
816 4100 1032 4175 posterioribus
1055 4100 1224 4158 rhetoribus
1252 4100 1331 4157 ancti
1356 4107 1387 4157 et
1409 4117 1474 4155 am-

306 4185 430 4260 plificati
452 4187 481 4243 in
506 4189 551 4246 his
575 4189 761 4249 orationibus
784 4189 843 4248 sint
865 4189 1001 4248 adhibiti.
