3120 4958
675 349 897 411 ..25-

298 557 327 648 I)
374 561 482 625 1374.
518 563 588 625 οῦτε
622 561 786 645 δυστυχεῖν
814 563 888 627 οῦτε
914 561 1100 627 τούναντίον
1127 562 1161 625 ἐν
1184 561 1370 644 ἀνθρώποις

186 668 320 754 βέβαιον
348 657 414 732 ἀλλ’
447 664 527 734 ἔστιν
554 668 631 734 ἰδεῖν
658 667 912 758 ἐπαμειβομένην
938 671 981 740 είς
1008 669 1140 751 ἑκάτερα
1171 668 1231 751 τὴν
1261 668 1367 751 τύχην.

298 794 315 857 Ι
333 796 406 858 373.
439 795 522 876 πρός
545 819 580 876 γε
601 795 666 877 μὴν
688 794 747 866 τὰς
771 795 953 878 δαιμονίους
975 793 1104 878 πληγάς
1126 794 1262 876 ἀθυμεῖν
1285 792 1370 864 εἰκὸς

188 900 238 985 ἦν,
260 899 297 964 τδ
321 891 351 964 δ’
366 900 443 965 αὐτὸ
465 901 547 985 πρὸς
569 902 783 987 ἀνθρωπίνην
806 902 925 984 ἔφοδον
947 903 1077 984 πάσχειν
1099 900 1274 983 ἀνάνδρων.

300 1008 352 1074 IV
374 1010 424 1072 42.
461 1008 549 1082 ὀξεῖα
572 1006 607 1073 ἐν
629 1008 824 1092 ἀμφδτεροις
845 1010 865 1091 ἡ
888 1008 975 1092 τύχη.
1003 1008 1120 1090 ὥσπερ
1143 1006 1369 1093 ἀπειροκάλων

189 1113 230 1180 τδ
246 1115 316 1179 λίαν
339 1115 526 1197 ἐπαίρεσθαι
547 1121 615 1186 ταῖς
635 1116 826 1198 εὐπραγίαις
847 1117 948 1186 οῦτως
963 1115 1132 1197 ἀνάνδρων
1146 1114 1182 1178 τὸ
1197 1115 1367 1198 καταπτή-

190 1243 280 1288 σσειν
313 1222 347 1286 ἐν
379 1228 443 1294 τοῖς
473 1222 653 1304 πταίσμασι.
690 1220 743 1307 (cf.
771 1221 888 1287 locum
923 1220 967 1286 de
1000 1221 1164 1286 fortunae
1196 1217 1369 1286 varietate

194 1325 232 1392 in
261 1324 392 1393 scholis
426 1324 612 1413 pertritum
645 1327 738 1413 apud
773 1327 945 1395 Senecam
979 1326 1066 1393 rhet.
1096 1335 1203 1393 contr.
1233 1328 1249 1390 Ι
1275 1329 1367 1410 8,16

191 1455 284 1500 suas.
313 1436 330 1499 I
359 1438 387 1501 9.
438 1434 597 1517 Norden,
635 1433 768 1500 Antike
807 1437 976 1520 Kunstpr.
1016 1456 1047 1521 p.
1076 1437 1149 1499 276.
1200 1435 1367 1516 Luetzen,

191 1541 236 1606 de
264 1538 420 1628 priorum
448 1539 657 1627 scriptorum
686 1551 876 1627 argenteae
905 1563 995 1627 quae
1023 1537 1152 1607 dicitur
1180 1537 1368 1606 latinitatis

194 1645 324 1714 studiis
348 1647 545 1733 Eschwege
570 1651 687 1735 Progr.
715 1651 808 1731 1907,
831 1669 862 1734 p.
880 1648 943 1734 27.)

301 1773 349 1858 ΙΙ)
396 1774 541 1838 111475.
576 1763 742 1856 Ῥωμαίων
765 1771 910 1859 ἐμπειρία
932 1771 988 1839 καί
1010 1769 1104 1848 τάξις
1124 1795 1160 1819 Ν
1184 1774 1235 1840 IV
1251 1775 1302 1838 45.

304 1881 359 1944 ΙΙΙ
376 1883 449 1945 475.
480 1868 631 1945 Ἰουδαῖοι
658 1881 809 1964 τολμηταί
831 1882 885 1945 καί
912 1882 1058 1946 θανάτου
1084 1886 1368 1963 καταφρονοῦντες,

196 1975 264 2051 ἀλλ’
288 1987 475 2052 ἀσύντακτοι
498 1985 555 2053 καί
577 1988 728 2070 πολέμων
751 1989 883 2074 ἄπειροι.

301 2113 446 2177 111479.
482 2100 647 2178 Ἰουδαίων
668 2114 784 2200 ἡγεῖται
806 2113 910 2196 τόλμα
932 2113 986 2177 καί
1008 2099 1134 2199 δράσας
1155 2113 1210 2178 καί
1225 2113 1367 2187 ἀπόνοια,

190 2221 288 2304 ἡμῶν
310 2207 340 2285 δ’
357 2210 450 2307 ἀρετή
475 2217 531 2284 καί
554 2221 719 2286 εὐπείθεια
741 2221 796 2285 καί
818 2220 853 2284 τὸ
877 2227 1028 2303 γενναῖον.

299 2327 350 2393 V1
376 2329 426 2391 39.
472 2325 510 2389 τά
546 2315 575 2390 δ’
598 2327 737 2410 ἡμέτερα
775 2329 954 2411 πταίσματα
992 2334 1051 2412 τῆς
1088 2317 1253 2394 Ἰουδαίων
1285 2327 1369 2393 ἐστίν

193 2434 355 2504 ἀπονοίας.

302 2558 353 2624 IV
370 2559 420 2622 45.
455 2557 491 2621 τὸ
515 2559 754 2640 ἀπερίσκεπτον
777 2559 810 2622 ἐν
833 2559 965 2642 πολέμῳ
987 2560 1041 2623 καί
1057 2560 1160 2644 ὁρμῆς
1174 2558 1366 2645 μανιῶδεςῑ)

194 2665 246 2732 IV
263 2668 305 2728 45
329 2685 364 2709 Ν
387 2671 441 2748 τῆς
464 2665 565 2749 ὁρμῆς
587 2665 622 2729 τὸ
646 2666 830 2748 ἀταμίευτον
854 2666 905 2732 IV
922 2669 963 2729 44
980 2686 1015 2709 Ν
1031 2666 1115 2751 ὁρμὴ
1140 2667 1294 2745 ἄσκεπτος
1315 2667 1368 2732 καί

191 2772 358 2856 μανιώδης
381 2773 432 2838 VI
449 2774 513 2836 328
539 2771 639 2860 (νίκην
661 2773 806 2855 ἐγγιάτσι
829 2773 880 2838 VI
903 2774 944 2836 45
969 2793 1003 2816 Ν
1027 2772 1139 2859 1374)

303 2877 475 2965 [Ῥωμαῖοι]
500 2879 613 2963 ἔθιμον
635 2875 670 2944 ἐν
693 2880 832 2963 πολέμῳ
847 2879 883 2944 τδ
905 2887 1029 2966 κρατεῖν
1052 2882 1176 2964 ἔχοντες
1198 2881 1249 2946 VI
1266 2883 1308 2944 38
1332 2900 1367 2924 Ν

194 2987 306 3070 ἐκείνῳ
328 2986 364 3050 τὸ
379 2991 468 3051 νικᾶν
491 2986 568 3057 ἔθος
590 2987 645 3050 ΙΙΙ
664 2989 728 3050 482
753 2986 792 3051 ci.
809 3008 840 3073 p.
858 2989 908 3052 35.

302 3108 370 3197 111)
416 3111 467 3178 VI
487 3114 557 3175 110.
590 3110 668 3189 θεὸς
689 3112 761 3194 ἄρα,
788 3111 871 3190 θεὸς
893 3111 991 3183 αὐτὸς
1014 3112 1132 3194 ἐπάγει
1156 3108 1322 3198 κάθαρσιν.

301 3237 352 3302 VI
370 3239 420 3301 39.
447 3236 484 3299 τά
502 3225 531 3300 δ’
541 3232 674 3301 ἐκείνων
695 3237 785 3319 πάθη
801 3242 867 3306 ταῖς
880 3242 935 3300 τοῦ
951 3238 1031 3302 θεοῦ
1043 3238 1220 3319 συνεργίαις
1234 3225 1367 3311 αὔξεται.

302 3344 409 3407 1378.
445 3345 483 3409 οῦ
506 3343 727 3426 διαφεύξονται
748 3343 806 3407 τὸν
827 3345 929 3426 μέγαν
953 3333 1124 3427 ὀφθαλμὸν
1146 3350 1201 3409 τοῦ
1217 3345 1298 3410 θεοῦ
1314 3344 1368 3408 καί

192 3449 254 3533 τὴν
277 3450 427 3533 ἀνίκητον
450 3450 561 3525 δεξιάν.

303 3571 442 3656 Quibus
466 3571 586 3638 elocis
610 3594 691 3639 cum
707 3595 900 3660 cognoscas
915 3577 1112 3662 Josephurn
1135 3600 1207 3643 non
1225 3599 1367 3664 operam

194 3677 343 3763 dedisse,
367 3690 408 3746 ut
431 3678 467 3746 in
485 3677 739 3746 allocutionum
763 3681 1073 3767 argumentatione
1095 3685 1241 3750 modum
1257 3684 1368 3751 decla-

192 3797 372 3853 matorum
396 3783 763 3874 declamationumque
786 3786 996 3855 usitatarum
1020 3792 1196 3874 excedere,
1218 3790 1255 3856 in

308 4107 332 4192 ¹)
357 4112 510 4183 Wolfflin,
543 4114 651 4171 Archiv
685 4113 730 4171 fur
764 4115 865 4173 latein.
891 4113 1060 4192 Lexilrogr.:
1095 4136 1147 4175 zur
1172 4121 1367 4198 Psychologie

193 4201 261 4272 vll,
284 4221 315 4279 p.
334 4200 395 4263 138
419 4201 501 4261 furor
521 4203 672 4279 judaicu&
