3120 4958
672 306 888 370 ...39-

190 517 327 591 τεύξεως
348 516 405 601 τὴν
428 517 600 601 ἀναβολήν,
624 506 691 581 ἀλλ’
715 519 817 589 οὕτως
839 519 1001 601 ἐξεχέοντο
1023 519 1140 588 πάντες
1162 518 1287 599 ἀθρόοι,
1315 519 1369 584 καλ

191 628 296 690 πᾶσιν
329 625 551 710 εὐπορώτερον
579 625 632 689 καὶ
659 629 737 711 ῥᾷον
760 623 864 690 ἐδόκει
885 630 942 688 τοῦ
964 626 1071 707 μένειν
1092 624 1128 688 τὸ
1151 625 1293 696 ἀπιέναι,
1321 626 1369 697 ὡς

189 727 249 794 καὶ
271 730 331 814 τὴν
346 731 443 796 πάλιν
465 731 564 814 αὐτὴν
585 733 658 797 τότε
671 737 804 814 πρῶτον
819 732 853 796 ἐν
868 733 964 815 ἑαυτῇ
979 732 1089 815 λαβεῖν
1105 729 1368 815 ὀλιγανθρωπίας

191 831 349 920 αἴσθησιν
371 838 471 902 ἰδίαν·
506 837 588 921 ἦσαν
618 838 680 925 γὰρ
703 839 849 910 ἐλάττους
870 843 935 902 τῶν
958 839 1128 903 ἀπιόντων
1152 834 1183 903 oi
1206 841 1366 921 μένοντες.

298 945 347 1009 At
362 953 404 1008 ut
419 944 560 1009 redeam
584 944 628 1009 ad
644 941 802 1028 ἕκῳρασιν
819 951 874 1010 τοῦ
890 945 983 1028 λιμοῦ
998 946 1051 1010 καὶ
1066 946 1191 1028 λοιμοῦ,
1215 942 1368 1011 dilucide

190 1059 228 1115 et
262 1046 509 1135 significanter
543 1059 690 1115 terrores
725 1060 762 1116 et
787 1071 937 1136 pavores
965 1047 1131 1136 exprimit
1158 1059 1195 1116 et
1221 1049 1369 1138 exponit

189 1155 379 1242 Josephus‚
412 1154 469 1222 cui
504 1177 576 1222 non
601 1154 687 1222 satis
710 1154 852 1223 videtur
874 1154 910 1221 in
935 1154 1142 1223 universum
1165 1156 1367 1245 depingere,

189 1261 252 1328 sed
276 1260 385 1328 etiarn
409 1263 571 1351 exemplo
593 1261 717 1329 matris
741 1283 831 1349 quae
854 1261 1030 1329 infantem
1053 1261 1171 1346 esurit,
1195 1261 1269 1329 vim
1293 1285 1365 1328 am-

190 1365 350 1455 plificare
385 1379 541 1435 conatur.
551 1374 574 1450 ¹)
622 1366 805 1435 Dictiones
839 1379 959 1435 autem
995 1379 1031 1435 et
1065 1367 1221 1455 cogitata
1255 1368 1367 1436 rarius

191 1473 323 1560 repetit
345 1476 446 1544 velut

299 1583 350 1649 VI
368 1586 441 1649 213.
475 1584 683 1668 μακαρισμὸς
710 1591 775 1650 τῶν
801 1585 995 1673 σάανάντων
1018 1614 1052 1638 ω
1076 1585 1181 1666 1184,
1204 1585 1367 1666 V11372,

191 1689 245 1755 IV
261 1692 326 1754 385
350 1699 387 1755 et
409 1692 544 1770 θάπτειν
565 1691 638 1762 τοὺς
660 1693 891 1775 προσήκοντας
913 1693 973 1755 οὐκ
997 1686 1108 1773 ἴσχυον
1136 1687 1167 1756 ολ
1191 1693 1368 1774 κάμνοντες

192 1825 229 1850 ω
253 1797 286 1863 v
303 1800 377 1879 514,
401 1798 453 1864 1v
469 1800 544 1880 382,
568 1799 710 1880 1v317‚

300 1901 360 1989 qui
383 1901 451 1968 loci
475 1924 563 1990 quos
586 1901 663 1969 lieri
687 1925 758 1969 non
783 1912 908 1989 potest,
932 1913 973 1969 ut
995 1924 1118 1969 omnes
1141 1914 1177 1970 et
1201 1901 1367 1989 colligam

190 2018 229 2075 et
263 2030 475 2093 enumerem,
509 2008 615 2075 simili
650 2011 727 2076 loco
755 2008 849 2081 Livii
874 2007 1139 2095 complectentis
1163 2033 1184 2076 a
1209 2010 1367 2097 Josepho

189 2137 332 2203 quoque
355 2115 533 2182 adhibitos
554 2117 802 2203 explanentur:

300 2239 376 2313 Liv.
392 2244 505 2324 XXV,
530 2245 617 2324 26,8:
636 2247 807 2328 postremo
830 2241 880 2306 ita
905 2242 1132 2306 admetudrne
1147 2243 1233 2306 mali
1246 2243 1367 2328 essera-

190 2353 315 2413 verant
345 2349 478 2413 animos
512 2354 554 2413 nt
585 2370 655 2413 nan
689 2349 784 2413 modo
807 2347 957 2413 lacrimis
979 2349 1136 2434 iustoque
1159 2349 1368 2435 comploratu

183 2459 478 2541 prosequerentur
509 2461 656 2520 mortuos
688 2455 752 2520 sed
782 2477 826 2520 ne
853 2456 1013 2543 efferrent
1034 2455 1169 2540 quidem
1194 2462 1258 2520 ant
1277 2465 1368 2543 sepe·

190 2561 301 2627 lirent
332 2562 549 2649 iacerentque
581 2567 693 2627 strata
717 2562 878 2627 exanima
902 2570 1039 2648 corpora
1062 2562 1099 2626 in
1123 2569 1300 2648 conspectu
1322 2563 1367 2627 si-

189 2669 309 2734 milem
333 2675 472 2735 mortem
487 2669 756 2754 exspectantium
772 2669 963 2755 mortuique
977 2690 1103 2755 aegros,
1128 2671 1227 2754 aegri
1240 2670 1367 2735 validos

191 2797 268 2840 cum
292 2781 385 2841 metu
409 2781 482 2840 tum
498 2776 572 2842 tabe
594 2798 633 2840 ac
649 2776 814 2862 pestifero
836 2776 935 2840 odere
958 2776 1167 2861 conficerent.

299 2896 565 2987 Descriptiones
585 2911 705 2966 autem
729 2921 796 2984 eas,
820 2921 908 2986 quas
932 2900 976 2964 ad
993 2899 1219 2965 delectandos
1235 2909 1271 2966 et
1286 2900 1366 2967 edo-

193 3007 324 3073 cendos
359 3008 506 3072 lectores
541 3005 719 3072 inserebat
752 3007 851 3073 velut
885 3005 1072 3092 regionum
1107 3016 1143 3072 et
1165 3007 1365 3072 fabularum

189 3113 259 3200 (IV
280 3117 468 3193 529--5³3›
504 3123 540 3179 et
562 3124 736 3179 sectarum
760 3113 810 3199 (11
839 3115 922 3196 119),
958 3133 1038 3177 cum
1071 3110 1225 3178 breviter
1259 3123 1367 3200 atque

189 3217 305 3286 obiter
320 3219 506 3306 attingam,
522 3218 644 3306 paucis
660 3220 704 3286 de
719 3217 768 3285 rei
783 3223 1024 3285 Romanorum
1039 3217 1201 3285 militaris
1217 3218 1367 3307 descrip-

190 3323 289 3392 tione
311 3327 564 3414 (11170-109)
588 3325 766 3409 disseram,
794 3347 900 3413 quam
924 3323 960 3391 in
984 3347 1132 3391 numero
1154 3335 1220 3391 τῶν
1243 3323 1365 3413 ἐκφρά-

190 3457 275 3499 σεων
297 3433 499 3500 habendam
524 3455 600 3499 esse
622 3455 727 3500 nemo
751 3443 805 3499 est
828 3430 888 3519 qui
912 3443 1021 3520 neget
1043 3430 1073 3497 si
1098 3433 1254 3498 conferat
1277 3431 1365 3498 illud

189 3537 330 3606 Nicolai
365 3543 594 3627 προγυμνάαμ.
630 3541 733 3608 Rhet
762 3540 821 3607 Gr.
847 3541 901 3604 III
936 3561 967 3626 p.
997 3543 1058 3605 491
1090 3539 1148 3626 Sp.
1189 3541 1367 3624 διηγήσεως

189 3650 272 3714 ἔστιν
295 3651 403 3715 caestu:
443 3650 657 3732 ἐπολέμησαν,
690 3647 877 3732 ἕκφράσεως
901 3649 936 3713 δὲ
960 3650 1011 3713 ὅτι
1041 3649 1149 3732 τοιᾷδε
1180 3646 1236 3714 καὶ
1258 3648 1367 3730 τοτᾷάε

189 3756 340 3840 ἑκάτεροι
363 3762 552 3839 παρασκευῇ
575 3757 751 3839 ἐχρήσαντο
774 3756 827 3820 καὶ
846 3756 928 3838 τῷάε
942 3763 989 3837 τῷ
1003 3755 1117 3837 τρόπῳ
1132 3761 1186 3838 τῆς
1201 3751 1366 3826 ὁπλίσεως.

302 3991 323 4064 ¹)
348 3993 387 4049 de
420 3993 478 4049 hac
507 4009 540 4049 re
573 3991 654 4066 apud
678 3990 887 4066 Hegesippum
911 3991 1081 4065 diligentins
1104 3991 1254 4068 explicata
1277 3989 1366 4065 Wey·

188 4099 273 4149 man,
296 4081 405 4138 Archiv
428 4079 475 4138 snt
502 4081 553 4137 lat.
575 4079 677 4140 Lexik.
699 4079 779 4137 XlV.
802 4100 831 4155 p.
853 4078 905 4140 59.
939 4081 1020 4155 apud
1044 4082 1179 4139 rhetores
1201 4081 1245 4138 Ps.
1269 4079 1365 4147 Quin·

188 4169 287 4229 tiliani
311 4170 495 4228 declamatio
518 4169 585 4228 XII.
