3120 4958
665 357 886 418 -71-

186 568 291 649 μόνον
318 567 395 630 ἀλλὰ
419 569 473 631 καὶ
497 569 653 649 γέροντας,
688 570 797 640 οἴκους
821 568 855 631 δὲ
878 568 1115 652 λαμπροτάτους
1137 568 1191 631 καλ
1212 569 1368 650 βασιλείας

188 675 269 752 ὅλας
291 675 529 755 ἀνατρέπεσθαι.

298 781 330 845 V
343 782 415 844 329.
450 780 486 843 τδ
509 781 570 863 γὰρ
594 782 804 864 ἀπηνέστερον
819 781 910 864 ἧττον
925 782 1108 844 ὑποπίπτειν
1123 787 1168 862 τῷ
1184 783 1367 864 πανούργῳ.

299 887 432 952 V1134.
465 888 541 951 οὐδὲ
556 888 618 970 γὰρ
634 889 795 970 διαφεύγει
810 891 948 976 πονηρία
963 889 1043 951 θεοῦ
1058 888 1163 970 χόλον,
1180 888 1255 951 οὐδὲ
1271 889 1366 952 ἀσθε-

188 992 248 1075 νὴς
280 995 300 1075 ἡ
326 993 407 1075 δίκη,
447 993 555 1076 χρόνῳ
577 996 691 1076 μέτεισι
714 995 787 1065 τοὺς
819 998 861 1066 εἰς
884 995 981 1077 αὐτὴν
1003 996 1292 1078 παρανομήσαντας
1314 995 1368 1058 καλ

189 1101 288 1182 χείρω
311 1100 367 1182 τὴν
393 1102 547 1183 τιμωρίαν
570 1102 715 1183 ἐπιφέρει
737 1108 801 1179 τοῖς
823 1108 983 1183 πονηροῖς,
999 1102 1044 1163 ὅτι
1060 1102 1112 1164 καλ
1126 1102 1368 1184 προσεδόκησαν

189 1208 288 1290 αὐτῆς
309 1208 511 1290 ἀπηλλάχθαι
533 1208 578 1290 μὴ
602 1209 783 1288 παραυτίκα
805 1208 1020 1277 κολασθέντες.

298 1314 349 1379 VI
363 1316 414 1378 34.
448 1315 484 1377 τὸ
514 1315 573 1396 μὲν
604 1315 830 1396 παρακελεύειν
859 1315 908 1375 ἐπὶ
930 1314 967 1376 τὰ
990 1315 1035 1396 μὴ
1059 1316 1197 1395 φέροντα
1219 1316 1368 1379 κίνδυνον

189 1421 328 1484 αὐτόθεν
360 1428 424 1491 τοῖς
457 1422 767 1503 παρακελευομένοις
802 1421 918 1492 ἀκλεές,
953 1421 1058 1502 ἀμέλει
1082 1422 1135 1484 καὶ
1157 1427 1203 1503 τῷ
1225 1445 1366 1503 παρακε-

188 1526 310 1590 λεύοντι
332 1528 421 1608 φέρει
446 1527 643 1607 κατάγνωσιν
666 1527 843 1608 ἀνανδρίας,

303 1685 402 1749 Idem
425 1705 510 1749 vero
534 1685 627 1770 quod
652 1686 696 1749 de
719 1683 923 1750 inveniendi
952 1685 1121 1749 facultate
1144 1683 1368 1770 sollertiaque

189 1789 254 1856 vix
285 1812 455 1878 parumve
486 1792 627 1857 exculta
658 1789 693 1855 in
725 1789 911 1856 sententiis
946 1789 1116 1857 adhibitis
1147 1801 1222 1856 erat
1252 1789 1367 1857 dicen-

192 1898 288 1980 dum,
313 1899 356 1962 de

630 2041 929 2108 similitudinibus

192 2176 248 2232 est
285 2163 487 2231 iaciendum
526 2163 704 2247 iudicium,
744 2187 831 2250 quas
869 2163 1035 2230 subtilius
1074 2161 1366 2249 perspicientibus

191 2283 338 2360 apparet
371 2294 443 2338 non
479 2283 552 2337 tam
587 2294 606 2336 e
641 2270 715 2337 vita
750 2293 855 2357 quam
891 2294 910 2336 e
938 2271 1057 2336 schola
1089 2268 1256 2356 librisque
1290 2291 1367 2336 esse

191 2391 353 2465 sumptas
377 2380 569 2464 plerasque.

301 2488 560 2571 Argumentum
596 2483 691 2550 enim
720 2483 892 2570 imprimis
927 2483 961 2549 in
995 2481 1037 2548 iis
1065 2485 1169 2548 rebus
1197 2494 1365 2566 versatur,

190 2615 282 2679 quae
306 2603 342 2657 et
357 2615 378 2658 a
393 2589 613 2679 philosophis
637 2590 866 2657 diatribarum
891 2603 927 2656 et
943 2614 963 2656 a
979 2588 1178 2655 rhetoribus
1201 2601 1285 2655 sunt
1309 2590 1367 2655 ad-

190 2697 335 2780 hibitae,
359 2698 395 2763 in
413 2697 609 2764 medicinae
633 2710 668 2764 et
684 2697 875 2762 bestiarum
901 2695 1162 2782 comparatione
1178 2707 1213 2762 et
1229 2695 1366 2762 theatri.

192 2807 294 2890 Quae
318 2826 531 2891 quamquam
562 2803 702 2890 saepius
733 2825 812 2868 cum
844 2801 1072 2889 scriptoribus
1102 2802 1257 2888 priorum
1282 2813 1367 2868 tem·

190 2934 318 2999 porum
341 2922 377 2977 et
400 2909 513 2997 poetis
538 2909 773 2992 consentiunt,
805 2921 922 2975 tamen
954 2907 1042 2973 milii
1074 2931 1095 2973 a
1118 2930 1200 2974 vera
1231 2908 1367 2975 ratione

191 3020 352 3085 aberrare
381 3019 609 3085 vehementer
636 3016 806 3099 videatur,
842 3013 900 3102 qui
936 3016 1055 3080 credat
1088 3016 1195 3080 verba
1218 3014 1367 3100 repetita

193 3148 214 3191 e
243 3125 394 3192 lectione
428 3123 505 3212 ipsa
533 3135 717 3211 poetarum
753 3135 787 3189 et
814 3121 1013 3208 principum
1048 3143 1172 3208 prosae
1198 3119 1367 3187 orationis

193 3253 271 3298 esse
293 3233 436 3308 hausta;
462 3232 555 3317 quod
579 3229 656 3296 lieri
679 3228 804 3316 potuit,
827 3250 899 3294 non
929 3227 1059 3310 debuit,
1084 3248 1164 3292 cum
1187 3228 1308 3292 schola
1331 3238 1367 3293 et

192 3360 279 3405 usus
312 3359 484 3423 magnum
514 3358 700 3403 numerum
726 3337 967 3422 exemplorum
990 3331 1215 3400 exhibuerint
1238 3331 1366 3420 quibus

193 3445 380 3532 scriptores
396 3444 524 3510 iterum
541 3455 648 3530 atque
664 3443 792 3508 iterum
809 3443 1007 3508 utebantur.
1056 3440 1242 3524 Quomodo
1258 3438 1309 3522 iit,
1326 3449 1367 3506 ut

193 3551 280 3618 satis
313 3550 401 3617 mihi
436 3550 599 3618 videatur
622 3550 750 3616 addere
773 3548 832 3615 hic
854 3547 926 3614 illic
953 3549 1048 3614 iocos
1074 3545 1215 3629 similes,
1249 3568 1368 3632 super-

191 3681 389 3726 vacaneum
425 3669 544 3725 autem
579 3655 685 3723 unius
717 3656 886 3742 cuiusque
910 3653 1061 3741 exempli
1084 3654 1220 3719 fontem
1242 3664 1279 3719 et
1302 3652 1367 3719 ori·

193 3765 315 3854 ginem
338 3765 515 3851 attingere
547 3776 583 3831 et
606 3762 776 3851 persequi,
811 3761 911 3828 cuius
935 3782 1072 3847 semper
1095 3758 1275 3827 conscium
1299 3758 1366 3826 sibi

192 3871 302 3940 inisse
325 3871 529 3958 scriptorem
553 3894 625 3938 non
650 3871 781 3958 opinor.

301 3979 429 4045 Forma
453 3990 573 4045 autern
596 3978 633 4044 in
658 3976 811 4064 singulis
833 3973 951 4042 verbis
968 3976 1011 4041 ad
1028 3973 1292 4060 explanandum
1309 3974 1367 4040 ad·

195 4085 327 4153 iunctis
349 4097 512 4152 versatur
534 4096 597 4152 aut
620 4083 815 4151 enuntiatis
839 4083 914 4150 sive
937 4081 1134 4148 membrum
1158 4101 1269 4145 unum
1287 4101 1367 4146 cou-

192 4192 390 4262 tinentibus
413 4193 489 4260 sive
504 4214 627 4259 versus
642 4192 787 4258 modum
803 4187 1063 4270 excedentibus,
1087 4209 1178 4274 quae
1194 4185 1367 4273 explicate
