3120 4958
789 354 1011 424 ...18-

312 565 429 638 nullos
452 569 637 658 scriptores
660 573 873 640 enumerabo
897 571 1104 661 scriptaque,
1128 595 1218 661 quae
1241 570 1348 641 variis
1371 597 1484 663 epar-

310 677 406 745 tibus
444 677 721 767 propositionem
764 679 994 767 disputabant
1031 691 1138 768 atque
1175 681 1303 748 iterum
1341 679 1484 748 iterum-

311 807 379 872 que
407 783 633 854 disserebant
681 790 763 853 Huc
798 797 960 875 spectant
992 785 1074 854 illae
1108 788 1248 855 fabulae
1281 787 1317 854 in
1353 787 1483 875 quibus

310 893 429 959 locum
465 891 589 961 mortis
637 893 858 962 voluntariae
896 894 996 983 quasi
1036 893 1225 962 artificium
1269 893 1483 962 narrationis

311 1011 348 1068 et
387 999 526 1068 firmam
560 999 769 1090 particulam
803 1001 912 1068 fuisse
944 1013 1039 1069 recte
1073 1013 1127 1070 cst
1161 1003 1442 1070 demonstratum
1452 1005 1484 1086 ¹),

311 1107 382 1174 huc
397 1106 545 1195 Vergilii
562 1107 649 1175 illud
665 1111 751 1176 Aen.
764 1112 814 1178 Vl
831 1113 896 1175 440
913 1120 949 1176 et
961 1108 1100 1196 Hygini
1117 1108 1336 1177 enumeratio
1352 1131 1483 1194 earum,

311 1236 401 1302 quae
424 1238 462 1282 se
485 1213 581 1302 ipsae
601 1215 851 1283 interfecerunt
872 1216 949 1302 (fab.
968 1216 1053 1305 243),
1069 1215 1411 1303 declamationesque
1430 1220 1483 1283 Ps.

312 1321 524 1406 Quintiliani
532 1323 556 1412 ²)
591 1333 697 1410 atque
725 1322 904 1410 Calpurnii
933 1322 1009 1413 (20),
1043 1346 1063 1391 e
1090 1322 1219 1411 quibus
1245 1346 1324 1390 eam
1346 1345 1419 1389 rem
1444 1323 1482 1389 in

311 1429 492 1497 rhetorum
535 1452 674 1518 quoque
713 1430 842 1498 scholis
880 1429 1063 1518 pertritam
1102 1431 1211 1498 fuisse
1251 1454 1321 1497 non
1361 1429 1483 1497 minus

311 1548 429 1624 potest
451 1536 617 1624 cognosci
634 1560 739 1625 quam
755 1561 799 1605 ex
815 1537 884 1604 illis
899 1537 1103 1628 praeceptis,
1126 1560 1216 1625 quae
1231 1537 1485 1625 posterioribus

312 1643 529 1730 temporibus
556 1645 675 1712 rhetor
702 1645 937 1731 complectens
961 1656 1120 1712 veterum
1143 1647 1304 1733 exempla
1327 1645 1484 1730 collegit:

419 1751 609 1838 Emporius
641 1754 685 1818 de
708 1751 884 1819 deliberat.
922 1753 1069 1819 materia
1094 1753 1197 1820 Rhet
1222 1756 1297 1825 Lat
1322 1752 1404 1820 min.
1430 1754 1483 1819 ed.

314 1859 423 1926 Halm
440 1881 471 1946 p.
485 1863 594 1943 57214,
617 1857 750 1945 „posita
766 1858 813 1926 sit
828 1858 1033 1925 deliberatio
1050 1859 1263 1948 Lucretiae³)
1280 1882 1324 1925 an
1341 1870 1487 1948 propter

313 1965 450 2033 illatum
474 1964 541 2032 sibi
565 1976 726 2054 stuprum
750 1977 861 2033 semet
884 1964 1021 2032 occidat
1043 2019 1169 2034 ......
1195 1967 1407 2053 generaliter
1430 1977 1486 2034 est

312 2073 501 2140 dicendum
529 2083 679 2139 mortem
702 2083 765 2139 aut
787 2071 931 2139 omnino
954 2073 1087 2139 bonum
1111 2095 1187 2140 esse
1210 2084 1273 2140 aut
1296 2085 1389 2140 certe
1411 2096 1486 2140 ma-

312 2182 387 2246 lum
422 2202 492 2246 non
529 2202 617 2264 esse3
652 2190 688 2246 et
722 2179 832 2247 vitam
865 2201 936 2246 non
970 2179 1038 2246 nisi
1071 2181 1169 2248 salva
1197 2182 1384 2247 honestate
1406 2203 1486 2248 esse

314 2288 520 2370 ducendam,
548 2298 584 2354 et
611 2286 807 2374 specialiter
832 2288 964 2353 multas
987 2288 1055 2353 hoc
1078 2289 1185 2355 fortes
1215 2298 1251 2354 et
1278 2287 1413 2354 nobiles
1438 2289 1486 2354 fe-

188 2432 190 2436 ι
311 2392 427 2460 minas
460 2392 597 2460 dedisse
628 2393 760 2481 gloriae
791 2415 890 2472 suae;
924 2405 961 2461 at
993 2417 1036 2461 ex
1067 2396 1176 2462 altera
1206 2406 1305 2482 parte
1333 2405 1485 2461 mortem

313 2498 478 2568 ultimum
501 2502 634 2568 malum
658 2523 734 2568 esse
757 2511 793 2567 et
816 2512 943 2568 natura
967 2525 987 2567 a
1009 2501 1180 2588 petitione
1195 2502 1372 2567 humanae
1388 2524 1487 2568 men-

314 2607 360 2674 tis
383 2607 538 2676 alienum
562 2608 605 2674 ab
629 2607 714 2695 ipsis
739 2610 996 2695 quodammodo
1020 2608 1127 2676 etiam
1142 2607 1210 2674 diis
1225 2607 1486 2677 immortalibus

313 2715 501 2783 adcelerari
524 2715 704 2808 vetitum.“

420 2821 559 2907 Quibus
582 2822 751 2910 exemplis
772 2846 862 2910 quae
878 2824 974 2890 haud
990 2821 1179 2890 difficulter
1194 2822 1316 2909 augeri
1333 2835 1486 2909 possunt

313 2928 514 3018 praemissis
542 2929 643 2996 facile
671 2929 930 2998 animadvertes
945 2931 1149 3017 Josephum
1173 2953 1312 3017 quoque
1335 2929 1371 2996 in
1397 2941 1485 2998 trac·
1552 2992 1554 3007 ,

315 3038 423 3104 tanda
450 3034 517 3104 hac
545 3036 750 3124 quaestione
778 3061 850 3104 non
880 3049 952 3105 tam
982 3037 1018 3104 id
1042 3036 1157 3125 egisse
1180 3049 1220 3104 ut
1243 3037 1374 3104 diceret
1398 3037 1484 3124 quid

314 3143 468 3228 sentiret,
493 3167 600 3231 quam
623 3155 663 3211 ut
685 3144 868 3212 rhetoricis
891 3145 1025 3212 artibus
1049 3143 1257 3231 indulgeret

421 3252 682 3338 Argumentum
710 3263 829 3318 autem
857 3251 1026 3319 orationis
1054 3274 1160 3338 quam
1190 3263 1311 3319 contra
1333 3262 1484 3319 mortem

314 3358 551 3426 voluntariam
580 3357 706 3426 habuit
737 3357 821 3445 ipse,
855 3359 921 3446 (ΙΙΙ
947 3358 1023 3446 362)
1051 3357 1211 3424 formulis
1236 3357 1424 3425 Platonicis
1448 3370 1486 3426 et

315 3465 528 3533 dictionibus
552 3477 760 3533 exornatum
776 3488 852 3532 esse
868 3487 1080 3552 quamquam
1096 3476 1257 3554 apertum
1273 3477 1334 3549 est,
1363 3477 1484 3533 tamen

315 3595 396 3639 eum
431 3595 502 3639 non
537 3583 610 3639 tam
642 3596 663 3640 a
698 3574 844 3640 Platone
882 3571 958 3659 ipso
991 3595 1115 3640 causas
1152 3572 1339 3639 deduxisse
1377 3595 1485 3660 quam

315 3677 558 3767 philosophiae
581 3679 740 3767 populari
765 3681 890 3747 debere
913 3681 1026 3747 multa
1046 3691 1081 3747 et
1096 3681 1237 3751 scholae
1253 3678 1379 3748 studiis
1396 3680 1486 3747 arbi-

426 3864 447 3942 1)
471 3865 588 3933 Rhode,
611 3868 665 3924 der
688 3867 798 3942 griech.
821 3866 939 3924 Roman
963 3865 1005 3926 80
1029 3865 1048 3923 f.
1075 3866 1145 3934 lll,
1169 3865 1198 3925 2.
1227 3865 1352 3933 Heinze,
1376 3865 1485 3941 Virgils

317 3956 441 4084 epischp
463 3955 601 4104 {gcqhnilr
624 3975 653 4031 p.
680 3954 751 4024 135,
778 3954 848 4022 129,
873 3955 1002 4013 Hermes
1026 3954 1078 4022 34,
1101 3975 1131 4032 p.
1154 3954 1244 4015 497².

424 4038 452 4214 ³3
475 4134 513 4191 de
538 4090 598 4209 qna
614 4134 793 4209 quaestione
806 4134 1008 4192 declamatum
1026 4151 1093 4191 esee
1111 4133 1313 4202 Quintilianus
1329 4133 1355 4188 V
1376 4131 1424 4200 10,
1445 4132 1485 4195 10

317 4231 544 4280 commemorat
