3120 4958
673 311 890 373 -12..

101 557 103 560 <
191 519 443 607 propositionis
454 520 561 587 verba
573 521 623 607 (ΙΙ
636 521 715 607 348)
726 524 831 606 ὕβρεις
842 522 1035 604 ἐπιτρόπων
1045 520 1191 608 paulum
1204 517 1362 604 variata),

193 648 280 709 quae
310 626 422 693 tribus
453 626 613 714 partibus
645 626 827 714 redarguit
860 639 896 694 et
923 626 1035 710 diluit,
1068 624 1253 693 sententiis
1282 629 1363 710 περὶ

192 735 315 806 ἀδικίας
346 733 494 800 insertis
534 735 588 820 (cl.
618 734 686 801 Dio
716 735 892 820 Chrysost.
916 737 1024 801 XXII
1056 736 1129 818 περί
1160 737 1281 820 εἰρήνης
1308 735 1363 799 καῖ

191 843 346 925 πολέμου;
372 846 399 906 4.
436 844 469 906 ἐν
492 845 630 914 ἁπάσαις
652 851 717 914 ταῖς
731 845 864 927 βουλαῖς
887 846 947 927 οὐχ
961 846 1072 927 ἥκιστα
1095 840 1238 925 ἐμπίπτει
1253 842 1307 906 καί
1322 841 1362 906 τὸ

190 956 338 1022 τοιοῦτον,
361 952 390 1013 εἰ
410 950 531 1014 δίκαιον
552 957 615 1021 τοῖς
637 951 682 1034 μὴ
708 952 945 1037 προαδικήσασι
967 949 1139 1034 πολεμεῖν.)

297 1071 464 1159 Sequitur
486 1095 567 1160 pars
590 1075 744 1140 secunda
766 1072 1015 1163 propositionis

299 1182 333 1244 II
351 1184 423 1245 355.
448 1182 527 1247 ἀλλὰ
560 1183 625 1265 μὴν
651 1184 686 1247 τό
710 1189 823 1265 γενῦν
856 1179 1039 1265 ἐλευθερίας
1061 1182 1224 1263 ἐπιθυμεῖν
1251 1182 1362 1262 δωρον

192 1287 247 1373 (cl.
275 1286 551 1373 propositionem
582 1289 619 1354 τὰ
653 1297 708 1374 τῆς
743 1291 923 1374 ἐλευθερίας
956 1291 1113 1378 ἐγκώμια)
1147 1308 1252 1373 quam
1286 1307 1361 1352 rem

191 1415 301 1481 aeque
339 1405 445 1481 atque
490 1405 595 1462 antea
641 1395 752 1462 tribus
797 1395 956 1483 partibus
998 1395 1137 1482 probat,
1182 1392 1361 1460 sententia

191 1501 324 1589 (35516),
352 1500 480 1567 deinde
507 1525 528 1568 a
554 1500 691 1569 minore
721 1504 766 1569 ad
788 1501 903 1569 maius
926 1504 1058 1568 ducens
1082 1499 1360 1589 disputationem

191 1608 322 1693 profert
338 1611 438 1676 35617
456 1613 570 1675 οἰκεῖον
581 1612 768 1694 ὑπόδειγμα,
785 1610 937 1696 denique
948 1611 1097 1692 ἀλλότρια
1108 1610 1359 1691 παραδείγματα.

191 1713 300 1781 Cuius
323 1712 355 1780 ei
379 1714 697 1801 argumentationis
720 1715 863 1802 singula
886 1714 1058 1781 eiusmodi
1082 1714 1118 1781 in
1135 1736 1240 1779 usum
1255 1735 1360 1779 vene-

191 1831 282 1904 runt,
307 1831 347 1888 ut
371 1823 443 1888 fere
463 1823 585 1888 eadem
608 1823 715 1890 verba
738 1822 963 1909 cogitatuque
986 1832 1121 1908 repetat
1144 1819 1179 1886 in
1201 1819 1360 1886 oratione

195 1926 336 2014 obliqua
360 1929 405 2014 (V
428 1928 513 2017 362).

298 2055 459 2122 1135416.
494 2057 661 2138 κινηθέντα
685 2045 715 2122 δ’
728 2058 813 2131 ἅπαξ
834 2055 889 2120 τὸν
910 2056 1052 2138 πόλεμον
1075 2057 1146 2120 οὔτε
1173 2055 1360 2119 ἀποθέσθαι

190 2161 301 2244 ῥᾴδιον
324 2157 400 2244 δίχα
423 2169 601 2248 συμφορῶν
623 2165 695 2228 οὔτε
709 2165 880 2246 βαστάζειν.
904 2162 980 2226 ἀλλὰ
1003 2162 1068 2244 μην
1090 2162 1128 2225 τό
1144 2185 1180 2242 γε
1202 2167 1258 2224 νῦν
1274 2161 1358 2224 ἐλευ-

191 2268 301 2350 θερίας
334 2269 498 2351 ἐπιθυμεῖν
532 2271 649 2354 ἄωρον,
685 2271 757 2334 δέον
779 2271 859 2351 ὑπὲρ
881 2276 940 2334 τοῦ
962 2257 1044 2352 μηθ’
1068 2268 1238 2351 ἀποβαλεῖν
1260 2268 1359 2350 αὐτὴν

189 2372 405 2461 ἀγωνίζεσθαι
427 2377 579 2462 πρότερον
601 2378 663 2440 κτλ.
688 2376 728 2441 cf.
753 2379 785 2443 V
802 2380 901 2444 36516
926 2385 962 2441 et
985 2378 1103 2440 11357
1127 2396 1161 2418 Ν
1185 2376 1217 2441 V
1234 2377 1306 2439 368.

297 2481 480 2563 Quantum
492 2503 575 2547 vero
589 2482 767 2569 Josephus
781 2481 818 2548 in
831 2479 1095 2548 enumeratione
1107 2481 1357 2568 exemplorum,

189 2608 279 2672 quae
306 2587 462 2654 rhetores
489 2588 663 2656 docebant
685 2587 916 2676 multiplicem
940 2586 1137 2655 delectandi
1161 2585 1297 2672 copiam
1321 2596 1358 2652 et

189 2715 326 2760 summa
355 2717 435 2761 cum
462 2695 671 2763 auctoritate
694 2697 859 2783 praebere
881 2696 998 2779 iidem,
1022 2694 1162 2761 scholae
1185 2715 1265 2759 cum
1288 2715 1356 2758 usu

101 2888 105 2895 ‚
189 2810 225 2866 et
253 2800 481 2888 scriptoribus
504 2802 772 2890 rhetoribusque
796 2802 890 2869 illius
913 2801 1039 2870 aetatis
1062 2812 1098 2868 et
1120 2800 1353 2888 posteriorum

189 2917 385 2994 temporum
415 2909 599 2976 cohaereat
626 2909 727 2976 facile
754 2920 871 2997 potest
894 2908 1067 2994 cognosci.
1115 2912 1208 2975 Nam
1232 2908 1355 2973 eadem

188 3016 348 3101 exempla
360 3037 425 3082 sua
436 3025 553 3082 aetate
568 3017 753 3084 decantata
765 3015 882 3084 illudit
894 3015 1074 3090 Lucianus
1086 3019 1151 3100 ῥηι,
1165 3017 1285 3082 (liddon.
1307 3019 1354 3080 18.

188 3123 237 3186 ἐπί
265 3123 299 3187 δέ
321 3129 414 3188 πᾶσιν
441 3125 582 3207 λεγέσθω
610 3127 628 3189 ὁ
651 3125 827 3211 Μαραθὼν
853 3127 906 3190 καί
933 3126 979 3189 ἀεὶ
1007 3111 1155 3202 δ’Ἁθως
1179 3124 1320 3187 πλείσθω
1330 3120 1355 3208 ¹)

188 3230 241 3294 καί
264 3230 282 3293 δ
302 3229 530 3314 Ἑλλήσποντος
551 3233 737 3308 πεζευέσθω
752 3233 806 3297 καί
823 3231 940 3319 Ξέρξης
955 3233 1097 3315 φευγέτω
1112 3229 1167 3296 καί
1183 3230 1357 3319 Λεωνίδης

189 3337 410 3420 θαυμαζέσθω
434 3336 489 3403 καὶ
512 3339 695 3422 ηΣαλαμῖς
718 3337 774 3405 καὶ
796 3340 831 3403 τὸ
851 3341 1041 3422 Ἀρτεμίσιον
1063 3339 1117 3403 καί
1140 3340 1173 3402 αἱ
1187 3337 1354 3409 Πλαταιάι,

188 3440 397 3528 quibuscum
432 3445 589 3510 conferas
624 3444 730 3511 velim
762 3446 972 3531 Josephum,
1011 3442 1070 3531 qui
1105 3440 1267 3530 producit
1300 3443 1355 3507 τὸν

187 3552 394 3634 ὑπερήφανον
429 3553 550 3642 Ξέρξην
584 3554 634 3618 διὰ
667 3563 724 3638 γῆς
755 3556 932 3619 πλεύσαντα
965 3555 1017 3619 καῖ
1040 3553 1091 3619 διὰ
1127 3553 1291 3635 θαλάσσης
1323 3552 1355 3615 δ

188 3658 343 3724 δείσαντα
372 3657 477 3746 (quod
505 3658 758 3749 Gorgianum2)
785 3684 806 3726 a
837 3659 1036 3726 rhetoribus
1059 3680 1225 3747 persaepe
1248 3655 1360 3751 usitaf

188 3772 264 3828 tum
287 3763 354 3830 hoc
377 3764 454 3832 loco
477 3788 521 3832 ex
543 3769 695 3834 Isocrate
719 3767 795 3854 ipso
811 3768 992 3857 (panegyr.
1010 3772 1063 3848 89)
1087 3768 1256 3834 haustum
1276 3789 1353 3833 esse

297 3964 317 4039 ¹)
342 3983 436 4047 qoam
465 3967 628 4027 dictionem
656 3969 759 4027 Aelius
787 3970 936 4028 Aristides
964 3971 1077 4052 probat
1104 3980 1136 4027 et
1158 3969 1354 4026 commendat

186 4051 277 4135 τέχνη
300 4053 370 4136 περὶ
392 4053 552 4136 οεμνότητ.
575 4060 650 4116 rhet.
674 4056 726 4117 Gr.
741 4058 769 4116 ΙΙ
793 4079 822 4134 p.
846 4059 906 4120 461
933 4060 983 4135 Sp.

295 4161 319 4240 ἵ)
343 4162 474 4231 Norden,
498 4165 605 4223 Antike
630 4164 777 4242 Kunatpr.
800 4167 814 4223 1
836 4187 864 4243 p.
889 4166 999 4231 38516.
