3120 4958
559 360 780 428 ..17-

193 575 264 644 Sed
292 576 381 644 haec
403 573 546 662 quidem
569 575 757 654 hactenus;
791 585 900 642 restat
922 585 963 642 ut
984 575 1164 664 Josephus
1185 598 1263 663 pro·

85 680 228 770 pinquis
263 681 403 772 populis
438 683 719 750 commemoratis
756 683 823 771 (καὶ
850 687 879 748 τί
910 686 959 749 δεῖ
982 681 1155 771 πόρρωθεν
1186 687 1263 769 ὑμῖν

84 783 144 879 τήν
164 780 338 875 Ῥωμαίων
362 792 498 875 δύναμιν
527 780 754 858 ὖποδεικνίναι
777 793 812 855 II
838 794 913 871 385)
945 800 981 856 et
1003 811 1065 876 spe
1087 787 1262 856 sociorum

88 897 243 964 refutata
266 900 310 964 ad
333 908 528 965 extremam
550 907 687 984 partem
710 895 1030 984 argumentationis
1052 889 1188 964 veniat:

194 1006 319 1072 11390.
353 997 465 1072 λοιπὸν
495 1005 554 1072 οὖν
584 1004 637 1071 ἐπὶ
659 998 719 1094 τὴν
749 1013 808 1072 τοῦ
837 1011 918 1070 θεοῦ
949 1002 1136 1091 συμμαχίαν
1164 1029 1263 1072 κατα-

85 1115 246 1195 φευκτέον
273 1111 325 1199 (ci.
349 1109 511 1178 Anaxim
534 1115 626 1202 τέχνη
654 1135 685 1200 p.
711 1115 772 1177 184
797 1111 854 1199 Sp.
883 1110 1107 1201 περιγίνονται
1136 1109 1262 1185 πάντες

85 1212 140 1286 διὰ
163 1211 220 1308 τὴν
241 1225 309 1284 τῶν
332 1225 422 1286 θεῶν
446 1222 592 1292 εὔνοιαν.)

199 1327 300 1408 Quae
323 1324 523 1411 propositio,
547 1346 761 1412 quamquam
784 1327 957 1392 nonnulla
979 1327 1087 1393 verba
1110 1325 1261 1411 περὶτοῦ

84 1431 226 1518 νομίμου
252 1432 337 1498 iacit
364 1432 491 1516 rhetor,
520 1442 638 1499 tamen
667 1434 780 1499 multo
808 1432 1005 1500 accuratius
1033 1432 1070 1498 in
1100 1431 1259 1500 oratione

83 1538 232 1625 Josephi
260 1536 371 1625 ipsius
400 1550 570 1606 tractatur
597 1549 633 1606 et
663 1541 916 1627 comprobatur,
940 1561 1030 1626 quae
1053 1539 1153 1626 quasi
1178 1561 1257 1606 con·

85 1645 231 1711 tinuans
255 1644 459 1732 panegyrici
483 1645 827 1732 argumentationem
852 1645 1010 1733 disputat
1033 1645 1107 1712 his:

197 1755 229 1820 V
246 1757 354 1821 36718.
389 1760 457 1819 τῶν
491 1750 587 1820 ίδίων
622 1743 807 1842 ἆμνήμονες
841 1752 1023 1839 συμμάχων
1057 1756 1172 1826 ὅπλοις
1202 1753 1259 1820 καὶ

83 1860 193 1946 χερσὶν
215 1862 382 1944 πολεμεῖτε
408 1863 595 1944 Ῥωμαίοις,·
628 1859 700 1927 τίνα
724 1862 784 1949 γὰρ
815 1864 916 1933 οὕτως
948 1857 1152 1950 ἐνικήσαμεν,
1182 1857 1259 1927 πότε

84 1957 166 2032 δὀὐ
190 1962 274 2046 θεὸς
297 1957 445 2046 δκτιόας
469 1962 510 2034 ἂν
534 1968 704 2034 ἀδικῶνται
726 1956 889 2034 Ἰουδαίων
911 1966 1060 2047 ε”κδικος;
1161 1959 1259 2034 οἶκού·

82 2097 133 2140 stc
274 2076 324 2139 ἵνα
347 2079 448 2161 γνῶτε
469 2071 513 2158 μί
543 2071 643 2158 μόνον
666 2066 834 2158 Ῥωμαίοις
859 2076 1072 2157 πολεμοῖντες
1100 2064 1181 2140 ἄλλοί
1204 2075 1258 2140 καί

82 2189 129 2268 aq]
152 2187 224 2263 θεῷ
246 2189 282 2246 et
305 2181 506 2247 domesticis
533 2181 703 2266 exemplis
727 2202 867 2247 causam
892 2185 1116 2248 demonstrat.

191 2285 369 2371 Quoniam
401 2309 516 2373 genus
551 2287 824 2374 argumentandi
856 2289 949 2374 quod
982 2289 1099 2354 adhuc
1132 2297 1257 2354 tracta-

83 2392 201 2460 vimus
217 2393 441 2480 panegyricis
453 2405 490 2460 et
501 2393 668 2460 historiae
684 2395 853 2481 exemplis
867 2394 1121 2478 continebatur,
1137 2394 1256 2461 venia-

82 2522 165 2567 mus
188 2522 285 2567 nunc
300 2502 344 2567 ad
361 2501 457 2567 aliud
474 2523 589 2588 genus
605 2503 698 2587 quod
714 2501 750 2568 in
768 2500 837 2567 illis
853 2501 1071 2568 orationibus
1087 2512 1255 2585 versatur,

82 2629 171 2695 quas
195 2606 232 2674 in
256 2619 443 2695 utramque
465 2619 602 2696 partem
626 2609 811 2695 disputans
834 2609 877 2674 de

492 2845 610 2910 morte
633 2839 839 2910 voluntaria

84 2963 290 3053 composuit

190 3075 315 3159 Neque
348 3069 437 3137 mihi
470 3071 586 3158 placet
620 3071 861 3158 quaestionem
894 3069 929 3137 in
962 3071 1253 3158 philosophorum

82 3177 214 3246 scholis
252 3177 426 3265 sectisque
464 3200 631 3266 persaepe
667 3188 852 3245 tractatam
884 3176 1057 3264 explicate
1091 3177 1252 3265 persequi

80 3284 313 3373 singulosque
333 3286 437 3369 locos,
459 3295 585 3373 partes,
609 3306 732 3352 causas
748 3281 964 3370 scriptorum,
981 3283 1137 3370 cogitata
1153 3287 1252 3352 affer·

80 3415 127 3476 re,
151 3393 195 3458 de
219 3392 346 3479 quibus
370 3394 463 3479 apud
489 3393 806 3472 Baumhauerum1)
830 3413 884 3457 res
907 3401 943 3458 et
958 3403 1145 3478 praecepta
1161 3391 1251 3460 Stoi-

81 3521 203 3566 corum
234 3499 431 3565 accuratius
461 3497 633 3585 exposita,
665 3497 751 3564 alios
781 3499 875 3564 locos
899 3499 1060 3565 laudatos
1083 3498 1250 3566 invenies,

79 3607 249 3673 Attamen
281 3617 322 3674 ut
352 3603 531 3692 intelligas
564 3628 634 3693 qua
666 3606 710 3671 de
742 3628 848 3673 causa
870 3607 1048 3694 Josephus
1079 3617 1152 3672 tam
1175 3605 1251 3672 dili-

80 3721 208 3800 genter
240 3714 378 3780 duabus
410 3711 628 3780 orationibus
661 3711 903 3799 quaestionem
932 3713 1141 3797 tractaverit,
1164 3735 1251 3780 non·

191 3945 216 4031 ¹)
240 3951 279 4008 de
311 3960 409 4011 morte
441 3952 608 4010 voluntaria
641 3952 713 4028 quid
741 3951 913 4011 censuerint
940 3959 1057 4011 veteres
1084 3951 1247 4026 praecipue

78 4040 185 4108 Stoici,
208 4041 341 4099 Traiecti
365 4043 404 4099 ad
425 4041 563 4100 Rhenum
590 4040 683 4108 1842,
706 4039 743 4097 cf.
758 4040 863 4107 Zeller‚
887 4041 993 4098 Philus.
1010 4040 1064 4096 der
1087 4038 1248 4106 Griechen.

78 4129 217 4205 Regicter
239 4148 263 4187 s.
277 4150 304 4187 v.
319 4131 506 4189 Selbrtmord
528 4131 698 4206 nuperrime
722 4130 832 4196 Hirrel‚
854 4131 909 4187 der
923 4129 1118 4196 Selbetmord,
1140 4129 1248 4186 Archiv

78 4217 126 4276 sur
148 4217 335 4296 Religionnw.
362 4218 528 4291 1907,x1‚
555 4218 568 4280 l
595 4238 624 4296 p.
649 4217 700 4281 75.

1140 4354 1159 4411 2
