3120 4958
661 281 880 342 ...40-

295 488 441 556 Accedit
464 490 558 576 quod
582 488 769 576 descriptio
793 487 893 576 quasi
910 490 954 555 ad
972 488 1272 576 comprobandam
1287 509 1369 576 pro·

188 596 400 685 positionem
424 595 556 663 inserta
579 607 641 679 est,
674 597 767 683 quod
793 595 945 662 Romani
970 594 1157 682 imperium
1180 594 1276 662 orbis
1299 605 1369 661 ter-

189 726 308 771 rarum
341 702 465 771 virtuti
501 695 598 787 suae‚'
629 725 700 769 non
736 705 899 770 fortunae
933 704 1099 786 debeant;
1135 700 1238 769 initio
1268 700 1368 769 enim

189 809 435 899 descriptionis
458 811 545 877 haec
569 808 669 878 dicit:

297 916 453 1002 γνώσεταί
481 944 526 990 τις
554 920 611 1002 τὴν
632 920 765 1003 τοσήνδε
788 921 958 1002 ἡγεμονίαν
981 919 1100 990 αὐτοὺς
1122 919 1233 1005 ἀρετῆς
1256 924 1371 1000 κτῆμα

190 1029 323 1110 ἔχοντας
349 1029 387 1093 οὐ
411 1028 520 1109 δῶρον
547 1028 681 1112 τύχηςῐ)
727 1028 852 1111 Neque
878 1023 966 1090 mihi
991 1024 1027 1090 in
1052 1022 1171 1090 animo
1194 1033 1249 1089 est
1271 1024 1371 1089 hanc

190 1135 353 1220 σύγκρισιν
369 1135 480 1218 ἀρετῆς
494 1134 549 1197 καλ
562 1134 691 1219 τύχηςῖ)
715 1131 923 1218 explicatius
944 1129 1115 1218 persequi,
1139 1127 1239 1195 cuius
1256 1151 1371 1196 unam

190 1248 327 1327 partem
352 1237 518 1323 Polybius
543 1251 804 1305 commemorat:

297 1348 385 1413 VIII
412 1350 493 1428 28,5.
536 1350 585 1412 ίνα
618 1349 664 1432 μὴ
699 1350 795 1431 τύχην
830 1348 972 1429 λέγοντες
1005 1348 1105 1430 μόνον
1136 1343 1373 1429 μακαρίζωμεν

190 1454 263 1525 τοὺς
296 1461 490 1536 κρατοῦντας
524 1456 650 1538 ἀλόγως
683 1456 831 1540 καθάπερ
865 1457 896 1519 οἱ
924 1456 1050 1537 μάταιοι
1072 1459 1137 1518 τῶν
1160 1455 1373 1535 ἀνθρώπων,

191 1549 258 1624 ἀλλ’
291 1562 407 1639 εἰδότες
440 1562 497 1640 τὰς
530 1564 665 1646 ἀληθεῖς
699 1565 800 1633 αἰτίας
833 1563 1020 1644 ἐνταινῶμεν
1055 1562 1108 1627 καὶ
1143 1558 1374 1642 θαυμάζωμεν

191 1667 275 1732 κατὰ
298 1669 394 1756 λόγον
416 1671 623 1756 ἡγουμένους,
647 1679 683 1734 et
706 1690 813 1755 quam
828 1666 933 1734 Titus
957 1665 1032 1753 ipse
1056 1676 1322 1734 commemorat:

299 1776 370 1841 VII
389 1777 416 1839 6.
452 1777 593 1858 φανερὸν
627 1778 837 1846 καθιστάντες
872 1777 918 1839 ὅτι
940 1779 1021 1859 μήτε
1044 1776 1177 1858 πλῆθος
1199 1773 1374 1857 πολεμίων

193 1883 335 1948 δύναιντ’
360 1884 399 1945 ἄν
421 1905 502 1947 ποτε
524 1884 579 1965 τὴν
601 1872 770 1965 Ῥωμαίων
793 1883 907 1965 ἀρετὴν
931 1884 1099 1972 διαφυγεῖν
1122 1884 1183 1945 κδν
1205 1876 1252 1951 εἷς
1266 1880 1375 1946 πολλά

192 2012 275 2066 τινες
297 1988 353 2070 τὴν
375 1989 475 2071 τύχην
500 1991 657 2070 εὕρωνται
683 1992 988 2079 συναγωνιζομένην,

301 2092 543 2179 praetermitto
567 2115 669 2181 porro
690 2093 784 2160 idem
800 2093 1020 2181 propositum
1036 2092 1245 2160 antithetico
1260 2094 1372 2159 modo

197 2223 218 2266 a
240 2199 363 2266 multis
396 2199 624 2286 scriptoribus
648 2201 691 2265 de
714 2200 866 2287 singulis
890 2200 975 2268 viris
998 2199 1198 2268 adhibitum
1225 2199 1326 2267 velut
1351 2222 1374 2266 a

194 2305 320 2373 Tacito
341 2305 481 2393 saepius
502 2318 538 2374 et
554 2330 575 2373 a
592 2305 758 2374 Cicerone
782 2311 836 2373 De
852 2307 971 2394 imper.
990 2309 1050 2374 Cn.
1069 2312 1162 2374 Pom.
1183 2313 1237 2373 10:
1263 2308 1374 2372 initia

188 2414 372 2500 praeclara
388 2438 456 2479 non
465 2416 645 2500 felicitati
659 2416 742 2489 eius,
767 2417 830 2480 sed
841 2417 967 2481 vz'rlutz'
978 2417 1159 2481 tribuendo
1175 2437 1245 2480 esse
1260 2424 1296 2480 et
1313 2419 1372 2480 47:

195 2543 266 2586 non
299 2522 407 2586 solum
433 2528 577 2609 propter
609 2524 782 2596 virtutem,
817 2525 880 2588 sed
912 2525 1013 2589 ett'am
1032 2529 1174 2609 propter
1183 2524 1373 2608 fortunam

194 2628 356 2693 Maximo
393 2630 530 2715 saepius
568 2631 711 2716 imperio
749 2632 912 2695 mundata
951 2653 1033 2704 esse,
1073 2640 1108 2695 et
1142 2650 1206 2716 pro
1239 2626 1375 2694 Archia

195 2745 300 2820 poeta
324 2738 379 2800 24:
415 2741 530 2800 noster
560 2737 616 2802 hic
639 2739 803 2822 Magnus,
840 2738 903 2823 qui
929 2759 1004 2802 cum
1033 2737 1162 2801 virtute
1182 2736 1374 2821 fortunam

194 2842 404 2927 adaequavit.
452 2841 547 2909 Satis
570 2842 657 2909 mihi
675 2855 794 2910 autem
811 2855 865 2910 est
883 2841 1061 2909 Plutarchi
1078 2838 1374 2908 declamationem

200 2946 343 3032 quaein
360 2949 483 3014 eodem
507 2949 686 3038 proposito
703 2961 864 3018 versatur
879 2951 1004 3016 afferre
1019 2959 1055 3014 et
1072 2947 1166 3014 Flori
1183 2945 1375 3035 epitomen.

308 3055 484 3124 Plutarch.
507 3057 581 3140 περὶ
615 3066 673 3142 τῆς
695 3050 861 3142 Ῥωμαίων
895 3060 994 3140 τύχης
1016 3060 1080 3121 316
1106 3055 1140 3121 C.
1176 3058 1210 3120 αλ
1232 3055 1377 3127 πολλοὺς

198 3162 350 3233 πολλάκις
383 3165 600 3247 ἠγωνισμέναι
626 3163 682 3230 καὶ
709 3166 871 3249 μεγάλους
905 3166 1033 3246 ἀγῶνας
1055 3151 1171 3246 Ἀρετὴ
1206 3160 1263 3228 καὶ
1287 3162 1375 3246 Τύχη

194 3269 277 3350 πρὸς
299 3269 435 3352 ἀλλήλας
457 3272 607 3353 μέγιστον
631 3271 834 3353 ἀγωνίζονται
855 3272 914 3336 τὸν
935 3271 1087 3353 παρόντα,
1111 3267 1193 3352 περὶ
1217 3276 1274 3352 τῆς
1296 3259 1376 3333 Ῥω-

194 3376 300 3457 μαίων
337 3378 508 3459 ἡγεμονίας
546 3379 817 3460 διαδικαζόμεναι
854 3381 993 3463 ποτέρας
1026 3379 1154 3466 γέγονεν
1191 3378 1285 3458 ἔργον
1319 3376 1378 3440 καί

199 3483 324 3564 πατέρα
346 3483 404 3566 τὴν
427 3484 625 3572 τηλικαύτην
649 3486 784 3568 δύναμιν
808 3487 1001 3574 γεγέννηκεν.

308 3684 331 3761 ¹)
355 3687 414 3742 huc
439 3701 562 3759 quoque
585 3685 738 3760 pertinent

232 3858 240 3883 '
302 3770 723 3923 mylllgjlildndedideidri
742 3776 877 3922 λίδίύύῒλ
897 3771 944 3921 ilii
962 3769 1047 3921 dadii
1062 3775 1151 3920 εάῶτνα
1169 3767 1379 3922 οὒχῙέμοίων

199 3861 333 4033 &mil
358 3952 396 4014 cf.
413 3953 522 4028 Julian.
537 3952 551 4008 1
567 3952 608 4013 23
623 3952 659 4009 B.
694 3884 794 4023 δελξαι
816 3883 960 4032 τὴνροὴλ
979 3881 1381 4035 ἀρετὴνρττεέίγενδμένην

199 4039 427 4209 ᾐλςεξέκνηίρνῖ
436 4039 580 4214 τχηλχηςῆ
597 4063 715 4209 ηχηηηης
733 4041 773 4102 ἂν
801 4039 931 4115 εἰκότως
966 4050 998 4098 et
1031 4042 1181 4098 Plutarch.
1214 4037 1285 4117 περί
1318 4043 1381 4119 τῆς
