3120 4958
610 347 831 409 ..43-

239 557 291 624 IV
307 559 484 622 592-600
508 558 710 645 σωφροσύνη,
745 557 814 622 ἀντί
846 556 999 621 ἀπαίδων
1020 556 1129 641 πατήρ,
1164 548 1228 619 εἴτε
1251 553 1309 619 οὖν
1334 639 1335 643 ¹

129 663 288 748 ἐμπειρίᾳ
311 667 419 748 γήρως
429 664 453 750 ¹)
475 667 626 750 προσήκει
647 665 683 730 τὸ
706 665 820 751 ἄρχειν,
848 662 1091 749 Οὐεσπασιανῷ,
1114 656 1179 726 είτε
1201 663 1309 745 νεότη-

127 793 187 844 τος
210 771 292 855 ἀίοιῇ
318 771 397 854 Τίτῳ
420 767 573 856 denique

239 879 378 944 V1165.
414 876 469 963 (66
494 879 512 942 δ
536 879 639 963 δῆμος
662 880 704 942 67
727 877 766 943 τὸ
790 873 1040 963 στρατιωτικόν.)

240 983 272 1052 Ε
300 1004 448 1049 numero
481 993 601 1050 autem
629 982 843 1070 reliquorum
871 984 1002 1049 ducum
1031 982 1120 1047 duos
1144 990 1308 1047 accurata

129 1088 367 1177 descriptione
399 1089 529 1177 dignos
562 1088 755 1173 existimat,
788 1090 981 1173 Herodem,
1009 1109 1114 1175 quem
1142 1085 1308 1172 ἐγκωμίου

130 1197 240 1264 modo
280 1194 419 1264 Nicolai
453 1197 665 1263 Damasceni
697 1195 795 1263 libris
827 1195 995 1263 adhibitis
1027 1216 1108 1261 eum
1140 1205 1309 1261 tractasse

37 1387 40 1390 .
130 1301 344 1390 Destiuon2)
368 1312 462 1369 recte
478 1301 742 1387 demonstravit,
766 1313 801 1369 et
816 1303 1018 1387 Johaunem
1039 1299 1307 1368 Gischalensem
1343 1298 1345 1302 ⁴

130 1407 325 1492 inimicum,
353 1432 458 1496 quem
487 1421 528 1477 ut
554 1421 719 1477 naturam
747 1420 784 1476 et
811 1407 1005 1496 imaginem
1029 1431 1135 1495 quam
1158 1406 1307 1494 diligen-

131 1514 269 1584 tissime
297 1515 470 1604 depingat
499 1527 535 1584 et
563 1515 739 1604 exprimat
762 1514 950 1582 cumulatis
974 1526 1010 1582 et
1033 1515 1175 1582 assertis
1199 1535 1308 1581 enun-

129 1621 230 1691 tiatis
262 1645 334 1690 non
367 1622 511 1710 obliqua
543 1622 701 1689 oratione
734 1621 952 1709 aliorumque
982 1644 1095 1708 opera,
1124 1621 1185 1687 sed
1213 1631 1308 1687 recta

130 1728 210 1818 ipse
234 1728 409 1797 describit.
457 1731 529 1816 (IV,
553 1734 595 1795 85
619 1761 653 1784 ω
679 1732 737 1812 IV,
763 1734 826 1795 208
851 1732 954 1808 «211,
979 1728 1102 1814 58517.)

241 1834 373 1903 Ceteris
408 1847 531 1902 autem.
550 1836 588 1903 in
613 1836 850 1903 describendis
874 1835 958 1902 viris
982 1846 1018 1901 et
1040 1832 1180 1899 feminis
1204 1832 1307 1899 certis

129 1941 246 2010 utitur
268 1941 436 2027 formulis,
460 1943 588 2030 quibus
611 1943 769 2030 repetitis
791 1945 1008 2030 paulumque
1025 1939 1176 2008 basiatis
1192 1960 1307 2026 neque

131 2047 270 2136 quaerit
304 2072 419 2137 neque
453 2048 643 2136 significat,
676 2049 760 2138 quid
795 2049 975 2139 proprium
1009 2048 1056 2114 sit
1083 2047 1307 2132 singulorum

131 2155 334 2222 hominurn:

240 2265 256 2328 1
275 2267 344 2330 123.
367 2257 569 2348 Ἀντίπατρος
581 2268 671 2353 γένος
682 2265 721 2348 ἦν
732 2254 907 2348 Ἰδουμαῖος
918 2265 1085 2352 προγόνων
1099 2288 1135 2328 τε
1150 2265 1240 2328 ἕνεκα
1255 2265 1308 2329 καί

129 2371 274 2436 πλούτου
296 2372 351 2436 καί
373 2379 429 2455 τῆς
452 2373 551 2455 ἄλλης
573 2373 684 2455 ἰσχύος
705 2373 879 2458 πρωτεύων
900 2378 956 2436 τοῦ
980 2373 1098 2449 ἔθνους
1113 2400 1148 2424 ω
1164 2371 1214 2436 VI
1232 2372 1305 2435 201.

240 2479 325 2544 185.
360 2470 571 2561 Ἀλέξανδρος
602 2468 682 2544 καθ’
705 2481 830 2562 ἡλικίαν
862 2480 917 2544 καί
942 2479 1117 2565 μετριότητι
1152 2480 1308 2560 προέχειν

131 2583 248 2650 δοκῶν.

239 2692 256 2754 Ι
277 2693 347 2756 120.
383 2680 622 2775 Ἀριστόβουλος
646 2693 779 2776 δυνάμει
801 2689 858 2756 καὶ
880 2693 1060 2774 φρονήματι
1081 2692 1238 2773 προέχων.

239 2799 367 2864 11476.
402 2799 491 2878 ἄξιος
514 2800 602 2864 ἐλέου
627 2800 684 2865 διὰ
708 2802 856 2883 σώματος
879 2798 981 2882 ἀλκὴν
1004 2796 1058 2863 καὶ
1078 2805 1187 2883 ψυχῆς
1201 2799 1305 2879 παρά-

130 2929 236 2990 στημα
259 2908 323 2970 469
348 2908 407 2971 οὐκ
431 2908 558 2995 ἄσημος
580 2909 673 2993 ῥώμη
698 2908 732 2973 δὲ
756 2908 908 2989 σώματος
929 2906 983 2969 καὶ
1008 2904 1109 2988 τόλμῃ
1133 2905 1305 2989 διαφέρων.

239 3012 275 3075 II
292 3014 343 3076 56.
369 3006 409 3077 δι’
425 3013 526 3097 δίκην
541 3014 595 3077 καί
610 3017 730 3100 γένεσιν
741 3047 776 3071 ω
789 3015 844 3078 ΙΙΙ
865 3017 913 3095 11,
940 3016 1011 3094 144,
1035 3013 1071 3075 II
1088 3014 1163 3093 482,
1185 3012 1218 3078 V
1232 3013 1304 3076 290.

239 3119 291 3185 IV
308 3121 381 3184 416.
418 3121 648 3202 ἀξιωματικοί
671 3123 753 3203 γένει
777 3127 913 3203 πρῶτος
936 3151 971 3173 Ν
995 3122 1047 3188 IV
1063 3123 1136 3186 358.

239 3226 275 3288 II
293 3227 343 3290 46.
379 3227 483 3314 ἡλικίᾳ
507 3225 661 3310 προέχων
682 3229 735 3292 καί
757 3217 831 3293 κατ’
854 3226 1034 3314 ἐμπειρίαν.

238 3332 358 3398 V154.
392 3333 533 3416 Σαύινος
554 3336 696 3418 τοῦνομα
719 3337 809 3416 γένος
832 3337 903 3400 ἀπὸ
918 3337 1036 3424 Συρίας
1059 3337 1140 3420 ἀνὴρ
1155 3336 1209 3400 καί
1224 3337 1305 3402 κατὰ

129 3442 219 3522 χεῒρα
241 3436 299 3502 καὶ
322 3439 402 3504 κατὰ
425 3440 532 3523 φοχὴν
554 3438 659 3529 ἐφάνη
683 3442 810 3522 ἄριστος
833 3475 866 3496 w
892 3444 943 3509 IV
964 3447 1037 3526 359,
1066 3445 1081 3506 Ι
1104 3447 1156 3525 47,
1185 3444 1237 3510 IV
1253 3447 1305 3527 36,

129 3545 239 3609 1324.

243 3739 268 3825 ¹)
292 3763 352 3821 quo
384 3747 453 3803 loco
478 3746 659 3821 Vespasiani
691 3755 722 3805 et
743 3748 805 3806 Titi
835 3759 1025 3808 senectutem
1058 3758 1089 3808 et
1119 3751 1305 3809 iuventutem

131 3834 308 3908 opponendi
343 3836 395 3910 qui
429 3835 569 3910 pertritus
604 3837 661 3894 illis
696 3839 884 3913 temporibus
919 3838 1010 3896 luisse
1037 3840 1163 3905 videtur,
1197 3848 1306 3915 postea

129 3921 327 3981 Philostratus
351 3925 406 4000 Ap.
430 3923 472 3980 VI
496 3923 538 3984 30
562 3944 600 4000 p.‚
624 3925 688 3986 244
712 3926 750 3984 Κ.
774 3927 877 3987 utitur:
906 3925 1052 4013 νεότητος
1075 3925 1110 3987 δὲ
1132 3927 1215 4010 γήρᾳ
1238 3927 1306 4008 ἅμα

131 4002 180 4078 εἷς
201 4007 238 4072 τὸ
261 4009 366 4094 ἄρχειν
388 4010 545 4091 ἰούσης..
563 4059 570 4073 .
595 4014 798 4096 πρεσβυτέρα
822 4012 880 4098 γὰρ
895 4015 1090 4096 συμβήσεται
1106 4015 1187 4083 νέοις
1210 4013 1245 4093 ἐξ
1258 4011 1306 4078 ὧν

129 4096 185 4162 “⁰²
208 4093 938 4268 ltaltllrlllllltll.ltll'll·
