3120 4958
765 360 996 423 „55-

398 567 522 632 All.

398 675 424 738 1.
448 661 558 762 ἐπειδη
583 667 639 741 τὸν
658 674 827 741 Ἰουδαίων
854 678 908 742 καί
930 668 1100 760 Ῥωμαίων
1124 675 1274 761 πόλεμον
1306 677 1477 746 συστάντα

448 784 602 869 μέγιστον.

508 893 532 952 1.
558 879 595 954 ου’·
617 886 809 971 μόνοντῶν
832 883 910 955 καθ’
933 880 1021 978 ἡμᾶς

503 999 529 1059 2.
556 989 674 1079 σχεδὸν
696 997 732 1062 d&
753 998 808 1062 καί
832 984 877 1062 ὧν
900 999 983 1081 ἀκοῇ
1006 995 1246 1086 παρειλήφαμεν

557 1103 589 1187 a)
613 1097 634 1191 ἢ
657 1099 785 1169 πόλεων
807 1098 890 1189 πρὸς
911 1101 1019 1175 πόλεις

555 1209 592 1289 b)
616 1203 636 1297 ἢ
660 1212 768 1276 ἐθνῶν
791 1207 901 1276 ἔθνεσι
924 1213 1156 1293 συρραγέντων,

379 1317 424 1380 II.
449 1312 480 1381 oi
504 1316 565 1398 μὲν
632 1312 635 1317 ’

506 1428 531 1485 l.
555 1424 593 1486 οὐ
616 1420 854 1506 παρατυχόντες
874 1430 938 1495 τοῖς
960 1421 1151 1511 πράγμασιν,

503 1532 531 1592 2.
556 1518 624 1594 ἄλλ’
649 1521 733 1617 άκοῇ
759 1532 963 1618 συλλέγοντες

378 1637 422 1699 ΙΙ.
448 1639 554 1701 εἰκαῖα
577 1635 632 1701 καί
658 1626 843 1719 άσιίμφωνα
867 1634 1051 1724 ὀιηγήματα
1073 1634 1327 1721 ἀναγράφουσιν,

360 1745 424 1807 ΙΙΙ.
449 1740 480 1808 ολ
504 1740 758 1830 παραγενόμενοι
785 1745 820 1808 ὅὲ

507 1853 531 1914 l.
557 1854 576 1933 ἢ
599 1848 754 1939 κολακείᾳ
776 1860 818 1934 τῇ
840 1845 922 1934 πρὸς
944 1841 1127 1933 Ῥωμαίους

504 1960 531 2021 2.
555 1961 575 2040 ἢ
598 1960 683 2040 μίσει
705 1963 753 2040 τῷ
780 1953 867 2042 πρὸς
889 1947 1061 2029 Ἰουδαίους

360 2065 424 2128 ΙΙΙ.
447 2061 707 2147 καταψεύδονται
733 2071 797 2128 τιῦν
821 2061 1036 2152 πραγμάτων,

364 2171 424 2236 1V.
447 2173 580 2256 περιέχει
605 2171 639 2235 ὀί
662 2172 775 2250 αὐτοῖς

506 2281 531 2341 l.
555 2279 646 2343 ὅπου
667 2278 725 2360 μὲν
747 2281 940 2365 κατηγορίαν

504 2386 533 2447 2.
558 2374 641 2449 ὅπου
665 2385 700 2449 δὲ
723 2380 881 2467 ἐγκώμιον

473 2492 532 2556 IV.
557 2489 589 2576 a)
612 2485 650 2555 tri
673 2488 918 2579 συγγράμματα,

556 2597 590 2682 b)
613 2593 652 2662 τὸ
677 2588 836 2684 δ’άκριβὲς
858 2603 915 2687 τῆς
939 2595 1084 2681 ίστορίας
1106 2599 1261 2681 οὐδαμοῦ,

396 2707 432 2769 Β.
457 2706 482 2768 I.
519 2709 714 2789 προυθέμην
737 2706 801 2792 ἐγὼ

506 2815 531 2876 1.
555 2819 622 2884 τοῖς
641 2804 726 2877 κατά
750 2807 810 2899 τήν
821 2814 992 2895 Ῥωμαίων
1008 2801 1181 2899 ἡγεμονίαν
1195 2801 1319 2878 (Ελλάδι
1335 2809 1470 2900 γλώσσῃ

555 2913 744 3000 μεταβαλών

502 3027 531 3088 2.
556 3012 578 3089 ά
593 3033 660 3097 τοῖς
676 3026 743 3090 ἄνω
759 3023 937 3109 βαρβάροις
951 3030 988 3113 τῇ
1000 3028 1124 3112 πατρίῳ
1137 3020 1293 3108 πρότερον
1304 3023 1472 3101 συντάξας

554 3134 726 3215 ἀνέπεμψα

453 3241 477 3304 Ι.
502 3240 735 3327 ἀφηγήσασθαι
751 3231 906 3323 Ἰώσηπος
922 3241 1082 3306 Ματθίου
1101 3244 1176 3316 παῖς
1191 3237 1471 3323 ἐξἹεροσολύμων

501 3347 665 3425 βασιλεύς,

506 3457 530 3515 l.
555 3453 653 3530 αὐτός
675 3476 712 3518 τε
731 3453 910 3537 Ῥωμαίους
932 3453 1131 3536 πολεμήσας
1152 3451 1193 3517 τὰ
1215 3457 1332 3536 πρῶτα

502 3560 529 3622 2.
554 3559 608 3622 καί
628 3565 693 3630 τοῖς
715 3561 845 3644 ὕστερον
867 3559 1061 3642 παρατυχὼν
1084 3557 1121 3637 ἐξ
1141 3559 1291 3642 ἀνάγκης.

768 3864 980 3874 -————-

394 4110 571 4196 Quoniam
607 4134 651 4177 ex
684 4109 853 4177 adhibitis
888 4108 1059 4196 exemplis
1094 4106 1348 4196 explicatisque
1375 4107 1467 4177 satis

286 4214 363 4288 'esse
385 4219 667 4286 demonstratum
688 4215 846 4299 arbitror,
870 4214 999 4303 quibus
1022 4213 1181 4284 artificiis
1204 4224 1241 4282 et
1263 4210 1467 4284 rationibus
