3120 4958
757 359 980 427 ..22-

280 574 380 656 γέντα,
415 571 491 638 ποτὲ
519 571 554 638 dl
575 570 633 656 τὴν
654 576 722 638 τῶν
744 572 951 658 κρατούντων
973 567 1123 648 ἐξουσίαν
1144 577 1200 638 τοῦ
1223 571 1311 656 παρὰ
1333 570 1370 636 τὸ
1391 595 1453 637 κα-

280 685 388 764 δῆκον
415 681 595 764 φιλοζωεῖν.
641 678 765 763 (Scala,
792 677 943 748 Studien
972 679 1035 745 des
1059 675 1225 762 Polybius
1247 699 1279 764 p.
1303 681 1367 742 212
1390 676 1453 764 sq.)

387 783 563 853 Aristotel.
580 783 716 853 Nicom
730 785 811 856 Eth.
828 790 898 870 3,ss
917 807 949 872 p.
967 788 1077 851 1116a
1093 789 1126 851 ¹².
1149 785 1185 850 τὸ
1198 777 1228 850 δ’
1240 787 1455 868 ἀποθνήσκειν

281 895 438 984 φεύγοντα
461 892 581 960 πενίαν
602 897 623 978 ἢ
647 897 750 978 ἔρωτα
773 898 793 979 ἢ
815 894 958 980 λυπηρὸν
980 896 1041 960 οὐκ
1062 889 1212 977 ἀνδρείου
1235 892 1312 957 ἀλλὰ
1334 893 1456 976 μᾶλλον

283 1002 394 1068 δαλοῦ.
440 999 619 1089 (Bernays,
643 998 778 1073 Lucian
803 1001 877 1068 und
900 999 958 1068 die
981 997 1135 1085 Cyniker
1157 1020 1189 1086 p.
1213 997 1279 1087 57.)

390 1106 499 1176 Cuius
533 1105 702 1175 orationis
733 1105 902 1196 quoniam
936 1104 1137 1196 gravissimi
1164 1103 1330 1193 ponderis
1358 1105 1455 1172 locos
1491 1186 1496 1193 ²

284 1212 604 1303 argumentationis
627 1213 789 1283 attulisse
810 1213 899 1282 mihi
915 1213 1045 1300 videor,
1068 1234 1165 1281 nunc
1180 1213 1224 1281 ad
1241 1209 1455 1280 contrariam

283 1333 512 1408 transeamus,
547 1343 617 1410 qua
650 1320 736 1390 viris
767 1332 804 1390 et
835 1321 976 1390 feminis
1005 1332 1041 1390 et
1066 1319 1186 1388 liberis
1214 1318 1275 1408 qui
1303 1320 1455 1387 salutem

284 1429 482 1519 desperant,
505 1439 547 1498 ut
568 1426 636 1497 sibi
656 1439 809 1498 mortem
831 1427 1060 1514 consciscant,
1083 1429 1158 1497 dux
1180 1427 1307 1496 suadet
1330 1436 1366 1495 et
1380 1448 1456 1514 per·

285 1536 418 1606 suadet

391 1645 507 1730 Quam
539 1643 743 1730 orationem,
777 1666 892 1733 quam,
927 1665 1009 1712 cum
1038 1652 1190 1711 mortem
1216 1642 1351 1720 bonum
1379 1663 1457 1708 esse

284 1749 515 1819 demonstrari
539 1749 679 1820 intersit
702 1774 783 1819 cum
807 1749 1106 1819 consolationibus
1130 1750 1173 1838 (p.
1190 1748 1248 1834 20)
1272 1749 1458 1817 cohaerere

284 1856 387 1926 nobis
415 1880 437 1925 a
465 1857 757 1946 Pseudoplatonis
784 1857 944 1926 Axiocho
973 1880 1085 1945 usque
1113 1859 1158 1925 ad
1182 1857 1354 1927 Senecam
1379 1856 1457 1923 Plu-

286 1965 448 2033 tarchum
480 1963 689 2051 posteriores
723 1964 871 2035 servatis
898 1964 1123 2054 perspicuum
1152 1974 1214 2048 est,
1246 1961 1321 2030 Titi
1349 1963 1458 2030 verba

287 2070 465 2159 attingere
496 2069 670 2157 videntur,
702 2071 761 2160 qui
793 2067 832 2140 τὸ
861 2064 973 2157 ὑμνεῖν
1002 2067 1060 2162 τὴν
1088 2075 1121 2139 ἐν
1148 2073 1284 2160 πολέμῳ
1312 2063 1458 2159 τελευτήν

286 2176 491 2264 παραλιπών
512 2177 574 2267 (VI
592 2179 656 2267 46),
671 2189 708 2246 et
723 2178 870 2268 exponit
885 2201 975 2266 quae
990 2177 1080 2248 ratio
1095 2177 1189 2246 inter
1202 2188 1352 2245 mortem
1368 2197 1458 2264 pug-

288 2308 356 2353 nae
383 2283 566 2373 morbique
592 2285 796 2371 intercedat,
824 2297 860 2354 et
882 2296 1013 2354 sortem
1044 2297 1264 2354 mortuorum
1297 2284 1457 2351 celebrat

287 2393 341 2479 (cf.
373 2393 417 2460 de
447 2393 514 2460 hac
547 2415 585 2460 re
612 2392 725 2477 Diels,
759 2393 986 2464 Elementum
1012 2416 1044 2481 p.
1070 2399 1111 2462 73
1139 2395 1243 2460 Anm.
1271 2397 1296 2476 1,
1325 2392 1369 2458 de
1396 2390 1459 2458 illa

287 2498 489 2567 differentia
526 2498 739 2588 [Dionysius]
771 2501 867 2587 τέχνη
900 2495 968 2590 δφτ.
1001 2523 1032 2588 p.
1058 2506 1099 2568 29
1133 2499 1207 2588 Us.)
1231 2493 1343 2589 ἐπειδὴ
1369 2495 1401 2566 ol
1424 2501 1459 2565 ἐν

286 2609 418 2693 πολέμῳ
441 2604 683 2707 valentinense
716 2600 819 2693 όμοωι
844 2615 916 2690 ταῖς
942 2601 1089 2700 ἦίακιάις,
1121 2610 1215 2677 οὐδὲν
1243 2602 1308 2675 ἀπό
1335 2608 1461 2673 τούτων

288 2715 398 2799 ἕξομεν
424 2717 468 2787 είς
494 2713 704 2804 παραμυθίαν
731 2718 912 2804 ἐπιχειρεῖν,
939 2712 1032 2807 πλὴν
1055 2709 1103 2783 ότι
1126 2713 1267 2796 ἐνδόξως
1291 2704 1460 2781 άπέθανον

287 2811 368 2907 lule
401 2825 460 2910 τῆς
493 2823 650 2906 πατρίδος.
685 2813 765 2890 κᾶθ’
781 2827 883 2897 οὕτως
913 2823 968 2892 καί
994 2816 1038 2890 ότι
1060 2825 1157 2908 ταχὺς
1179 2823 1235 2889 καὶ
1260 2812 1461 2906 άναίοδητος

289 2918 308 2994 ό
330 2937 470 3002 τοιοῦτος
494 2926 641 3010 θάνατος
667 2932 721 2995 καί
743 2926 832 3003 ἐκτός
858 2928 1014 3015 βασάνων
1041 2933 1181 2998 καὶτῶν
1209 2935 1320 2997 κακῶν
1348 2931 1382 2994 δι
1404 2937 1461 3013 τῆς

289 3036 384 3103 νόσου
406 3088 412 3102 .
436 3087 443 3101 .
467 3088 474 3102 .
499 3045 535 3102 et
556 3034 788 3126 Apollonidas
811 3037 953 3104 Anthol.
979 3039 1048 3105 Pal.
1073 3035 1180 3124 epigr.
1205 3036 1350 3123 sepulcr.

397 3182 469 3246 233.
493 3182 601 3260 Αίῖιος
623 3169 781 3272 Αόοονίης
803 3186 957 3270 στρατιῆς
978 3178 1104 3268 πρόμος
1127 3171 1149 3247 ό
1169 3182 1326 3266 χρυσέοισι

396 3289 548 3372 στέμμασι
571 3290 737 3370 σωρεύσας
760 3277 894 3372 αὖχένας
916 3279 1129 3373 ὁπλοφόρους,

396 3401 509 3467 νοῦσος
533 3382 578 3461 ὅτ’
600 3391 648 3475 είς
669 3392 819 3480 πυμάτην
842 3386 1006 3470 sillodam,
1028 3399 1131 3480 τέρμα
1151 3384 1181 3460 τ’
1194 3397 1342 3479 ἄφυκτον,

397 3503 477 3569 είδεν
499 3504 659 3591 ἀριστείην
681 3501 812 3587 ίμφανῆ
835 3505 880 3583 είς
903 3499 997 3587 ἰδίην.

398 3608 484 3698 πῆξε
508 3598 611 3676 δ’όπό
635 3606 871 3693 σπλάγχνοισιν
894 3602 946 3675 ἑόν
969 3612 1062 3694 ξίφος
1081 3603 1155 3676 alal
1176 3634 1211 3675 τε
1234 3606 1396 3699 θνήσκων.

399 3704 501 3795 αότός
523 3708 609 3782 lxliv
631 3713 764 3802 ἐδάμην,
786 3709 832 3806 μή
852 3714 951 3796 νόσος
972 3707 1065 3801 εόχος
1086 3718 1142 3806 ἔχῃ

292 3869 328 3926 et
350 3863 414 3925 234
439 3855 587 3945 Philipp.
611 3856 767 3926 Thessal.

421 4035 428 4050 .
453 4035 460 4049 .
484 3970 760 4074 ,ἌνδραςἍρης
781 3981 913 4066 κτείνει,
937 3986 1137 4069 δειλοτέρους
1159 3983 1197 4052 δέ
1219 3981 1324 4064 νόσος.

342 4202 348 4213 ¹
400 4091 472 4177 Sed
503 4119 544 4176 ut
576 4109 621 4176 ad
653 4107 750 4176 illam
787 4107 982 4175 orationem
1018 4131 1081 4197 pro
1115 4120 1228 4177 morte
1261 4105 1463 4177 voluntaria

294 4213 461 4301 habitam,
493 4237 600 4303 quam
629 4217 808 4304 Josephus
835 4213 996 4283 inscribit
1022 4216 1106 4302 περὶ
1134 4222 1245 4306 ψυχῆς
1272 4214 1464 4298 ἀθανασίας
