3120 4958
684 317 881 380 ..7-

308 530 413 593 1624
448 550 496 614 sq.
532 530 620 595 ἐλέου
655 525 772 618 ἐκβολή
811 523 1075 594 enumeratione
1113 523 1365 593 beneficiorum

201 636 388 701 cumulata

308 746 324 809 I
350 747 414 810 628
439 741 608 829 epilogus,

309 853 325 915 I
350 855 526 918 630-635
549 851 645 940 λόγος
668 851 912 940 ἀπολογητικός.

305 960 412 1024 1630
435 955 654 1047 prooemium
689 979 732 1023 ex
770 955 983 1023 accusatoris
1021 952 1138 1023 verbis
1176 965 1366 1042 sumptum,

197 1086 267 1151 quo
303 1065 402 1151 quasi
441 1087 513 1131 uon
548 1073 753 1151 praeparato
793 1063 985 1130 censebant
1016 1063 1173 1131 rhetores
1207 1060 1364 1128 animum

196 1171 331 1238 moveri
355 1171 488 1239 iudicis.

306 1281 322 1343 I
348 1282 408 1344 631
435 1275 600 1345 refutatio
624 1276 745 1364 patris:
769 1299 849 1344 reus
872 1275 1025 1364 exponit,
1049 1278 1197 1343 eandem
1217 1297 1291 1343 rem
1306 1299 1365 1364 pa·

199 1383 243 1451 tri
279 1383 424 1453 utilitati
459 1385 581 1469 fuisse,
612 1383 677 1451 sibi
709 1383 776 1472 ipsi
809 1385 979 1452 damnum
1014 1382 1175 1451 intulisse
1204 1381 1363 1471 (Quintil.

197 1494 248 1561 VI
276 1497 301 1574 l,
326 1492 391 1581 21.)
419 1493 606 1576 accedunt,
633 1502 675 1558 ut
701 1490 774 1558 vim
803 1501 972 1578 augeant,
1007 1489 1144 1578 figurae
1172 1489 1305 1578 dialogi
1328 1501 1364 1558 et

196 1598 470 1687 prosopopoiiae.
518 1599 652 1686 (Quint.
677 1602 728 1667 VI
755 1604 781 1683 l,
806 1601 870 1682 25.)

302 1707 351 1774 At
376 1708 490 1772 multo
518 1708 635 1793 magis
658 1727 762 1793 quam
786 1707 823 1771 in
847 1706 903 1771 his
926 1706 1151 1788 orationibus,
1175 1725 1261 1792 quas
1285 1726 1364 1772 con·

196 1822 325 1880 tractas
348 1824 384 1880 et
406 1812 505 1900 quasi
526 1822 726 1902 amputatas
742 1811 855 1879 obiter
869 1822 975 1898 atque
990 1810 1114 1878 leviter
1129 1809 1242 1898 attigi,
1265 1821 1364 1898 patet

195 1917 284 1986 ratio
308 1919 481 1987 rhetorica
503 1918 540 1987 in
564 1919 607 1986 iis
631 1941 718 2007 quas
741 1917 1037 1986 declamationum
1059 1919 1165 1985 modo
1188 1941 1209 1985 a
1233 1941 1270 1986 se
1285 1917 1362 2006 ipso

196 2036 259 2093 aut
294 2025 371 2094 aliis
406 2049 494 2114 quos
527 2027 699 2094 celebrare
733 2037 796 2094 aut
823 2024 1016 2093 describere
1045 2035 1199 2109 conatur,
1222 2023 1362 2092 habitas

197 2130 313 2219 lingit
360 2135 519 2218 Quarum
555 2156 635 2200 cum
669 2142 919 2220 argumentum
952 2130 1138 2220 praecipue
1165 2130 1201 2197 in
1233 2153 1362 2220 genere

195 2239 432 2307 suasoriarum
461 2250 659 2329 occupetur,
682 2239 757 2307 sive
780 2240 824 2306 de
846 2241 938 2306 bello
961 2261 1116 2326 paceque
1138 2237 1264 2326 agitur,
1287 2237 1363 2307 sive

195 2347 239 2412 de
261 2345 415 2414 militum
439 2346 566 2414 animis
582 2347 627 2414 ad
642 2369 801 2435 pugnam
819 2345 1076 2431 confirmandis,
1100 2345 1175 2414 sive
1191 2346 1235 2413 de
1249 2355 1362 2413 morte

193 2453 393 2521 voluntaria
420 2453 631 2538 disserenda,
661 2464 822 2543 apertum
850 2465 911 2539 est,
935 2464 971 2521 et
993 2454 1059 2521 has
1082 2452 1257 2520 orationes
1281 2474 1361 2520 cum

193 2559 341 2627 aliorum
358 2559 613 2644 historicorum,
628 2561 818 2644 rhetorum,
834 2559 1070 2648 sophistarum
1086 2560 1185 2628 velut
1197 2558 1358 2645 Dionysii

195 2665 436 2734 Halicamasei
473 2666 680 2752 Herodiani,
709 2666 834 2734 Dionis
869 2665 979 2734 Cassii
1013 2677 1076 2734 aut
1110 2665 1360 2733 Demosthenis

192 2772 482 2861 Thucydidisque
509 2773 647 2841 etiarnsi
676 2797 746 2841 uon
776 2775 820 2840 ad
849 2775 995 2842 verbum
1020 2771 1217 2840 consentire
1240 2784 1357 2841 tamen

192 2879 311 2948 indole
339 2892 374 2949 et
397 2892 581 2965 structura,
604 2892 640 2948 et
662 2882 858 2970 Josephum
886 2879 1001 2968 ipsum
1025 2881 1165 2948 easdem
1188 2879 1359 2948 dictiones

193 2998 229 3054 et
258 2989 426 3055 formulas
449 2986 589 3077 saepius
613 2987 815 3056 adhibuisse
839 2987 937 3076 quasi
963 2987 1153 3056 tralaticias
1176 2998 1212 3055 et
1235 2989 1280 3055 ad
1303 3010 1358 3055 res

192 3095 450 3162 elucubrandas
473 3106 581 3182 aptas.

298 3201 436 3286 Quibus
459 3200 617 3289 repetitis
640 3224 852 3291 quamquam
875 3202 963 3269 mihi
987 3201 1129 3290 quidem
1151 3200 1358 3289 compositio

192 3308 360 3376 orationis
394 3311 546 3397 quadam
580 3309 743 3378 satietate
777 3311 954 3377 offendere
988 3308 1135 3393 videtur,
1170 3320 1288 3376 tamen
1317 3319 1359 3376 ut

192 3416 384 3501 ostendam,
419 3418 595 3504 quomodo
629 3416 704 3505 ipse
738 3439 804 3484 nec
830 3416 948 3484 minus
979 3415 1038 3484 alii
1065 3415 1250 3504 scriptores
1279 3438 1358 3484 con-

191 3520 401 3610 scripserint,
418 3523 545 3610 quibus
560 3523 646 3592 locis
658 3523 713 3591 usi
726 3523 806 3610 sint,
819 3522 994 3592 orationes
1006 3545 1201 3611 persequar,
1218 3546 1357 3592 summa

191 3630 344 3696 afferam.

297 3739 348 3804 Ac
370 3737 522 3826 primum
543 3738 685 3827 quidem
708 3737 800 3806 utin
816 3738 975 3826 partibus
991 3737 1189 3807 orationum
1205 3736 1356 3827 singulis

192 3844 383 3912 tractandis
407 3846 450 3913 de

672 3955 873 4039 prooemiis

191 4058 372 4144 disseram,
400 4059 576 4150 incipiunt
603 4059 778 4128 orationes
806 4059 1014 4148 Vespasiani
1043 4061 1106 4148 (IV
1135 4061 1189 4149 40)
1217 4071 1253 4128 et
1280 4059 1354 4128 Titi

189 4167 255 4255 (VI
280 4168 336 4254 34)
360 4191 380 4234 a
404 4166 588 4252 sententia,
611 4190 717 4256 quam
740 4167 1031 4237 consuetudinem
1054 4167 1193 4259 saepius
1215 4169 1314 4236 velut
1334 4190 1355 4234 a
