<?xml version="1.0" encoding="UTF-8"?>
<!DOCTYPE html PUBLIC "-//W3C//DTD XHTML 1.0 Transitional//EN"
    "http://www.w3.org/TR/xhtml1/DTD/xhtml1-transitional.dtd">
<html xmlns="http://www.w3.org/1999/xhtml" xml:lang="en" lang="en">
 <head>
  <title>
</title>
<meta http-equiv="Content-Type" content="text/html;charset=utf-8" />
  <meta name='ocr-system' content='tesseract 3.04.00' />
  <meta name='ocr-capabilities' content='ocr_page ocr_carea ocr_par ocr_line ocrx_word'/>
</head>
<body>
  <div class='ocr_page' id='page_1' title='image "./deflaviiiosephi01wolfgoog_0033.png"; bbox 0 0 3120 4958; ppageno 0'>
   <div class='ocr_carea' id='block_1_1' title="bbox 668 333 889 396">
    <p class='ocr_par' dir='ltr' id='par_1_1' title="bbox 668 333 889 396">
     <span class='ocr_line' id='line_1_1' title="bbox 668 333 889 396; baseline -0.009 -16"><span class='ocrx_word' id='word_1_1' title='bbox 668 333 889 396; x_wconf 75' lang='lat'>..25-</span> 
     </span>
    </p>
   </div>
   <div class='ocr_carea' id='block_1_2' title="bbox 186 545 1365 3652">
    <p class='ocr_par' dir='ltr' id='par_1_2' title="bbox 690 545 860 633">
     <span class='ocr_line' id='line_1_2' title="bbox 690 545 860 633; baseline 0 -20"><span class='ocrx_word' id='word_1_2' title='bbox 690 545 860 633; x_wconf 83' lang='lat' dir='ltr'>eptlogfs,</span> 
     </span>
    </p>

    <p class='ocr_par' dir='ltr' id='par_1_3' title="bbox 186 668 1363 1401">
     <span class='ocr_line' id='line_1_3' title="bbox 186 668 1362 758; baseline 0.001 -23"><span class='ocrx_word' id='word_1_3' title='bbox 186 691 402 758; x_wconf 89' lang='lat' dir='ltr'>quamquam</span> <span class='ocrx_word' id='word_1_4' title='bbox 430 681 558 738; x_wconf 90' lang='lat' dir='ltr'>natura</span> <span class='ocrx_word' id='word_1_5' title='bbox 585 692 701 737; x_wconf 89' lang='lat' dir='ltr'>rerum</span> <span class='ocrx_word' id='word_1_6' title='bbox 723 671 855 737; x_wconf 91' lang='lat' dir='ltr'>multos</span> <span class='ocrx_word' id='word_1_7' title='bbox 888 691 1081 736; x_wconf 89' lang='lat' dir='ltr'>consensus</span> <span class='ocrx_word' id='word_1_8' title='bbox 1108 669 1217 736; x_wconf 92' lang='lat' dir='ltr'>habet</span> <span class='ocrx_word' id='word_1_9' title='bbox 1240 668 1362 753; x_wconf 92' lang='lat' dir='ltr'>oratio,</span> 
     </span>
     <span class='ocr_line' id='line_1_4' title="bbox 189 776 1363 864; baseline -0.001 -20"><span class='ocrx_word' id='word_1_10' title='bbox 189 776 307 844; x_wconf 79' lang='lat' dir='ltr'>tame&#39;n</span> <span class='ocrx_word' id='word_1_11' title='bbox 330 799 405 844; x_wconf 91' lang='lat' dir='ltr'>rem</span> <span class='ocrx_word' id='word_1_12' title='bbox 428 779 473 844; x_wconf 91' lang='lat' dir='ltr'>ad</span> <span class='ocrx_word' id='word_1_13' title='bbox 497 777 710 864; x_wconf 89' lang='lat' dir='ltr'>gravitatem</span> <span class='ocrx_word' id='word_1_14' title='bbox 734 777 912 864; x_wconf 88' lang='lat' dir='ltr'>quandam</span> <span class='ocrx_word' id='word_1_15' title='bbox 936 787 972 844; x_wconf 91' lang='lat' dir='ltr'>et</span> <span class='ocrx_word' id='word_1_16' title='bbox 994 778 1143 843; x_wconf 89' lang='lat' dir='ltr'>affectus</span> <span class='ocrx_word' id='word_1_17' title='bbox 1173 786 1363 864; x_wconf 90' lang='lat' dir='ltr'>motusque</span> 
     </span>
     <span class='ocr_line' id='line_1_5' title="bbox 189 881 1363 972; baseline -0.001 -21"><span class='ocrx_word' id='word_1_18' title='bbox 189 883 417 956; x_wconf 88' lang='lat' dir='ltr'>concitandos</span> <span class='ocrx_word' id='word_1_19' title='bbox 440 883 578 952; x_wconf 87' lang='lat' dir='ltr'>attollit</span> <span class='ocrx_word' id='word_1_20' title='bbox 626 888 709 951; x_wconf 90' lang='lat' dir='ltr'>Huc</span> <span class='ocrx_word' id='word_1_21' title='bbox 724 883 878 971; x_wconf 89' lang='lat' dir='ltr'>pertinet</span> <span class='ocrx_word' id='word_1_22' title='bbox 900 883 1087 972; x_wconf 87' lang='lat' dir='ltr'>praecipue</span> <span class='ocrx_word' id='word_1_23' title='bbox 1111 881 1272 971; x_wconf 87' lang='lat' dir='ltr'>epilogus</span> <span class='ocrx_word' id='word_1_24' title='bbox 1289 906 1363 950; x_wconf 90' lang='lat' dir='ltr'>ora·</span> 
     </span>
     <span class='ocr_line' id='line_1_6' title="bbox 189 988 1363 1078; baseline 0.001 -21"><span class='ocrx_word' id='word_1_25' title='bbox 189 990 295 1058; x_wconf 89' lang='lat' dir='ltr'>tionis</span> <span class='ocrx_word' id='word_1_26' title='bbox 317 1013 381 1078; x_wconf 87' lang='lat' dir='ltr'>pro</span> <span class='ocrx_word' id='word_1_27' title='bbox 403 1003 517 1059; x_wconf 88' lang='lat' dir='ltr'>morte</span> <span class='ocrx_word' id='word_1_28' title='bbox 546 990 748 1059; x_wconf 88' lang='lat' dir='ltr'>voluntaria</span> <span class='ocrx_word' id='word_1_29' title='bbox 776 990 928 1075; x_wconf 90' lang='lat' dir='ltr'>habitae,</span> <span class='ocrx_word' id='word_1_30' title='bbox 959 1011 1066 1078; x_wconf 92' lang='lat' dir='ltr'>quem</span> <span class='ocrx_word' id='word_1_31' title='bbox 1093 989 1258 1057; x_wconf 88' lang='lat' dir='ltr'>omnibus</span> <span class='ocrx_word' id='word_1_32' title='bbox 1281 988 1363 1058; x_wconf 87' lang='lat' dir='ltr'>arti-</span> 
     </span>
     <span class='ocr_line' id='line_1_7' title="bbox 188 1095 1363 1186; baseline 0 -22"><span class='ocrx_word' id='word_1_33' title='bbox 188 1096 279 1164; x_wconf 91' lang='lat' dir='ltr'>ficiis</span> <span class='ocrx_word' id='word_1_34' title='bbox 303 1097 497 1166; x_wconf 85' lang='lat' dir='ltr'>rhetoricae</span> <span class='ocrx_word' id='word_1_35' title='bbox 519 1097 680 1166; x_wconf 83' lang='lat' dir='ltr'>luxuriae</span> <span class='ocrx_word' id='word_1_36' title='bbox 703 1108 740 1166; x_wconf 91' lang='lat' dir='ltr'>et</span> <span class='ocrx_word' id='word_1_37' title='bbox 762 1097 890 1186; x_wconf 87' lang='lat' dir='ltr'>figuris</span> <span class='ocrx_word' id='word_1_38' title='bbox 913 1107 1069 1167; x_wconf 89' lang='lat' dir='ltr'>exornat</span> <span class='ocrx_word' id='word_1_39' title='bbox 1116 1099 1221 1183; x_wconf 82' lang='lat' dir='ltr'>Quod</span> <span class='ocrx_word' id='word_1_40' title='bbox 1244 1095 1363 1185; x_wconf 88' lang='lat' dir='ltr'>magis</span> 
     </span>
     <span class='ocr_line' id='line_1_8' title="bbox 189 1204 1363 1294; baseline -0.003 -21"><span class='ocrx_word' id='word_1_41' title='bbox 189 1204 331 1292; x_wconf 89' lang='lat' dir='ltr'>quidem</span> <span class='ocrx_word' id='word_1_42' title='bbox 347 1204 463 1273; x_wconf 88' lang='lat' dir='ltr'>verbis</span> <span class='ocrx_word' id='word_1_43' title='bbox 479 1205 566 1293; x_wconf 92' lang='lat' dir='ltr'>ipsis</span> <span class='ocrx_word' id='word_1_44' title='bbox 588 1204 732 1294; x_wconf 85' lang='lat' dir='ltr'>patebit,</span> <span class='ocrx_word' id='word_1_45' title='bbox 756 1205 885 1294; x_wconf 91' lang='lat' dir='ltr'>quibus</span> <span class='ocrx_word' id='word_1_46' title='bbox 904 1207 949 1272; x_wconf 88' lang='lat' dir='ltr'>ad</span> <span class='ocrx_word' id='word_1_47' title='bbox 965 1206 1228 1294; x_wconf 86' lang='lat' dir='ltr'>explanandum</span> <span class='ocrx_word' id='word_1_48' title='bbox 1246 1226 1363 1292; x_wconf 88' lang='lat' dir='ltr'>genus</span> 
     </span>
     <span class='ocr_line' id='line_1_9' title="bbox 188 1311 644 1401; baseline 0.002 -22"><span class='ocrx_word' id='word_1_49' title='bbox 188 1334 302 1400; x_wconf 89' lang='lat' dir='ltr'>pauca</span> <span class='ocrx_word' id='word_1_50' title='bbox 325 1314 486 1401; x_wconf 87' lang='lat' dir='ltr'>exempla</span> <span class='ocrx_word' id='word_1_51' title='bbox 510 1311 644 1380; x_wconf 89' lang='lat' dir='ltr'>addidi:</span> 
     </span>
    </p>

    <p class='ocr_par' dir='ltr' id='par_1_4' title="bbox 190 1421 1364 1618">
     <span class='ocr_line' id='line_1_10' title="bbox 295 1421 1364 1511; baseline -0.001 -25"><span class='ocrx_word' id='word_1_52' title='bbox 295 1423 366 1505; x_wconf 84' lang='lat' dir='ltr'>Jos</span> <span class='ocrx_word' id='word_1_53' title='bbox 384 1423 453 1488; x_wconf 92' lang='lat' dir='ltr'>VII</span> <span class='ocrx_word' id='word_1_54' title='bbox 471 1424 543 1487; x_wconf 82' lang='lat'>384.</span> <span class='ocrx_word' id='word_1_55' title='bbox 568 1422 681 1488; x_wconf 81' lang='grc' dir='ltr'><strong><em>ἀθλιοι</em></strong></span> <span class='ocrx_word' id='word_1_56' title='bbox 702 1422 762 1507; x_wconf 84' lang='grc' dir='ltr'>μὲν</span> <span class='ocrx_word' id='word_1_57' title='bbox 784 1423 815 1488; x_wconf 88' lang='grc' dir='ltr'>οί</span> <span class='ocrx_word' id='word_1_58' title='bbox 836 1423 903 1488; x_wconf 85' lang='grc' dir='ltr'><strong><em>νέοι</em></strong></span> <span class='ocrx_word' id='word_1_59' title='bbox 918 1428 975 1506; x_wconf 86' lang='grc' dir='ltr'><strong><em>τῆς</em></strong></span> <span class='ocrx_word' id='word_1_60' title='bbox 988 1422 1103 1511; x_wconf 80' lang='grc' dir='ltr'><strong><em>ῥώμης</em></strong></span> <span class='ocrx_word' id='word_1_61' title='bbox 1116 1426 1181 1485; x_wconf 86' lang='grc' dir='ltr'>τῶν</span> <span class='ocrx_word' id='word_1_62' title='bbox 1196 1421 1364 1503; x_wconf 86' lang='grc' dir='ltr'><strong><em>σωμότων</em></strong></span> 
     </span>
     <span class='ocr_line' id='line_1_11' title="bbox 190 1523 1286 1618; baseline -0.002 -24"><span class='ocrx_word' id='word_1_63' title='bbox 190 1529 234 1600; x_wconf 84' lang='grc' dir='ltr'>εἰς</span> <span class='ocrx_word' id='word_1_64' title='bbox 256 1528 383 1606; x_wconf 85' lang='grc' dir='ltr'><strong><em>πολλὰς</em></strong></span> <span class='ocrx_word' id='word_1_65' title='bbox 405 1527 512 1601; x_wconf 79' lang='grc' dir='ltr'><strong><em>αἰκίας</em></strong></span> <span class='ocrx_word' id='word_1_66' title='bbox 533 1527 730 1613; x_wconf 84' lang='grc' dir='ltr'><strong><em>ἀρκέσοντες,</em></strong></span> <span class='ocrx_word' id='word_1_67' title='bbox 753 1530 861 1596; x_wconf 81' lang='grc' dir='ltr'><strong><em>ἄθλιοι</em></strong></span> <span class='ocrx_word' id='word_1_68' title='bbox 884 1529 918 1594; x_wconf 80' lang='grc' dir='ltr'>δὲ</span> <span class='ocrx_word' id='word_1_69' title='bbox 941 1523 973 1594; x_wconf 77' lang='grc' dir='ltr'>οἱ</span> <span class='ocrx_word' id='word_1_70' title='bbox 999 1528 1230 1618; x_wconf 80' lang='grc' dir='ltr'><strong><em>παρηβηκότες</em></strong></span> <span class='ocrx_word' id='word_1_71' title='bbox 1251 1548 1286 1572; x_wconf 71' lang='grc' dir='ltr'><strong>Ν</strong></span> 
     </span>
    </p>

    <p class='ocr_par' dir='ltr' id='par_1_5' title="bbox 190 1632 1365 1935">
     <span class='ocr_line' id='line_1_12' title="bbox 297 1632 1364 1722; baseline -0.004 -17"><span class='ocrx_word' id='word_1_72' title='bbox 297 1635 484 1706; x_wconf 85' lang='lat' dir='ltr'>Lesbonax</span> <span class='ocrx_word' id='word_1_73' title='bbox 508 1638 544 1701; x_wconf 92' lang='lat' dir='ltr'>II</span> <span class='ocrx_word' id='word_1_74' title='bbox 569 1639 635 1704; x_wconf 81' lang='grc'>617.</span> <span class='ocrx_word' id='word_1_75' title='bbox 659 1637 773 1703; x_wconf 80' lang='grc' dir='ltr'><strong><em>ἀθλιοι</em></strong></span> <span class='ocrx_word' id='word_1_76' title='bbox 789 1632 820 1703; x_wconf 83' lang='lat' dir='ltr'>oi</span> <span class='ocrx_word' id='word_1_77' title='bbox 838 1637 972 1721; x_wconf 81' lang='grc' dir='ltr'><strong><em>πατέρες</em></strong></span> <span class='ocrx_word' id='word_1_78' title='bbox 994 1636 1192 1722; x_wconf 76' lang='grc' dir='ltr'><strong><em>στερηθέντες</em></strong></span> <span class='ocrx_word' id='word_1_79' title='bbox 1212 1642 1268 1718; x_wconf 81' lang='grc' dir='ltr'><strong><em>τῆς</em></strong></span> <span class='ocrx_word' id='word_1_80' title='bbox 1283 1637 1364 1720; x_wconf 75' lang='grc' dir='ltr'><strong><em>ἡμε-</em></strong></span> 
     </span>
     <span class='ocr_line' id='line_1_13' title="bbox 190 1739 1365 1829; baseline -0.001 -21"><span class='ocrx_word' id='word_1_81' title='bbox 190 1745 284 1826; x_wconf 88' lang='grc' dir='ltr'><strong><em>τέρας</em></strong></span> <span class='ocrx_word' id='word_1_82' title='bbox 307 1744 508 1827; x_wconf 72' lang='grc' dir='ltr'><strong><em>προσόψεως</em></strong></span> <span class='ocrx_word' id='word_1_83' title='bbox 529 1794 536 1810; x_wconf 93' lang='grc'><strong>.</strong></span> <span class='ocrx_word' id='word_1_84' title='bbox 554 1793 562 1809; x_wconf 97' lang='grc'><strong>.</strong></span> <span class='ocrx_word' id='word_1_85' title='bbox 580 1742 651 1809; x_wconf 88' lang='grc' dir='ltr'><strong><em>ἀντί</em></strong></span> <span class='ocrx_word' id='word_1_86' title='bbox 676 1742 712 1810; x_wconf 81' lang='grc' dir='ltr'>δὲ</span> <span class='ocrx_word' id='word_1_87' title='bbox 734 1741 908 1827; x_wconf 81' lang='grc' dir='ltr'><strong><em>καλλίστης</em></strong></span> <span class='ocrx_word' id='word_1_88' title='bbox 930 1744 1109 1829; x_wconf 76' lang='grc' dir='ltr'><strong><em>ἐλευθερίας</em></strong></span> <span class='ocrx_word' id='word_1_89' title='bbox 1130 1745 1174 1814; x_wconf 76' lang='grc' dir='ltr'><strong><em>είς</em></strong></span> <span class='ocrx_word' id='word_1_90' title='bbox 1200 1739 1365 1828; x_wconf 72' lang='grc' dir='ltr'><strong><em>αἰσχίστην</em></strong></span> 
     </span>
     <span class='ocr_line' id='line_1_14' title="bbox 194 1846 1203 1935; baseline 0 -20"><span class='ocrx_word' id='word_1_91' title='bbox 194 1851 334 1916; x_wconf 78' lang='grc' dir='ltr'><strong><em>δουλείαν</em></strong></span> <span class='ocrx_word' id='word_1_92' title='bbox 356 1851 597 1935; x_wconf 84' lang='grc' dir='ltr'><strong><em>καθιστάμενοι,</em></strong></span> <span class='ocrx_word' id='word_1_93' title='bbox 620 1846 752 1934; x_wconf 77' lang='grc' dir='ltr'><strong><em>οἰκτροὶ</em></strong></span> <span class='ocrx_word' id='word_1_94' title='bbox 775 1852 808 1914; x_wconf 79' lang='grc' dir='ltr'><strong><em>αἱ</em></strong></span> <span class='ocrx_word' id='word_1_95' title='bbox 824 1854 970 1933; x_wconf 81' lang='grc' dir='ltr'><strong><em>γυναῖκες</em></strong></span> <span class='ocrx_word' id='word_1_96' title='bbox 991 1851 1203 1916; x_wconf 72' lang='grc' dir='ltr'><strong><em>καθίστανται.</em></strong></span> 
     </span>
    </p>

    <p class='ocr_par' dir='ltr' id='par_1_6' title="bbox 190 1953 1364 2154">
     <span class='ocr_line' id='line_1_15' title="bbox 296 1953 1364 2042; baseline 0.003 -21"><span class='ocrx_word' id='word_1_97' title='bbox 296 1958 546 2041; x_wconf 83' lang='lat' dir='ltr'>Jos.V11385.</span> <span class='ocrx_word' id='word_1_98' title='bbox 582 1959 705 2040; x_wconf 77' lang='grc' dir='ltr'><strong><em>ὄψεταί</em></strong></span> <span class='ocrx_word' id='word_1_99' title='bbox 736 1982 783 2029; x_wconf 86' lang='grc' dir='ltr'><strong><em>τις</em></strong></span> <span class='ocrx_word' id='word_1_100' title='bbox 811 1964 946 2042; x_wconf 78' lang='grc' dir='ltr'><strong><em>γυναῖκα</em></strong></span> <span class='ocrx_word' id='word_1_101' title='bbox 978 1957 1062 2041; x_wconf 88' lang='grc' dir='ltr'><strong><em>πρὸς</em></strong></span> <span class='ocrx_word' id='word_1_102' title='bbox 1090 1953 1166 2041; x_wconf 87' lang='grc' dir='ltr'><strong><em>βίον</em></strong></span> <span class='ocrx_word' id='word_1_103' title='bbox 1194 1959 1364 2042; x_wconf 82' lang='grc' dir='ltr'><strong><em>ἀγομένην,</em></strong></span> 
     </span>
     <span class='ocr_line' id='line_1_16' title="bbox 190 2063 675 2154; baseline 0.002 -24"><span class='ocrx_word' id='word_1_104' title='bbox 190 2072 303 2154; x_wconf 77' lang='grc' dir='ltr'><strong><em>φωνῆς</em></strong></span> <span class='ocrx_word' id='word_1_105' title='bbox 325 2063 534 2131; x_wconf 79' lang='grc' dir='ltr'><strong><em>ἐπακούσεται</em></strong></span> <span class='ocrx_word' id='word_1_106' title='bbox 555 2066 675 2131; x_wconf 85' lang='grc' dir='ltr'><strong><em>τέκνου.</em></strong></span> 
     </span>
    </p>

    <p class='ocr_par' dir='ltr' id='par_1_7' title="bbox 190 2167 1365 2579">
     <span class='ocr_line' id='line_1_17' title="bbox 297 2167 1364 2260; baseline 0 -23"><span class='ocrx_word' id='word_1_107' title='bbox 297 2174 370 2237; x_wconf 83' lang='grc'><strong>382.</strong></span> <span class='ocrx_word' id='word_1_108' title='bbox 394 2174 481 2257; x_wconf 84' lang='grc' dir='ltr'><strong><em>ὕβρις</em></strong></span> <span class='ocrx_word' id='word_1_109' title='bbox 495 2170 551 2237; x_wconf 86' lang='grc' dir='ltr'><strong><em>καὶ</em></strong></span> <span class='ocrx_word' id='word_1_110' title='bbox 568 2172 696 2238; x_wconf 85' lang='grc' dir='ltr'><strong><em>όουλεία</em></strong></span> <span class='ocrx_word' id='word_1_111' title='bbox 711 2169 768 2237; x_wconf 84' lang='grc' dir='ltr'><strong><em>καὶ</em></strong></span> <span class='ocrx_word' id='word_1_112' title='bbox 783 2170 822 2237; x_wconf 81' lang='grc' dir='ltr'>τὸ</span> <span class='ocrx_word' id='word_1_113' title='bbox 836 2170 973 2257; x_wconf 77' lang='grc' dir='ltr'><strong><em>βλέπειν</em></strong></span> <span class='ocrx_word' id='word_1_114' title='bbox 988 2178 1138 2260; x_wconf 75' lang='grc' dir='ltr'><strong><em>γυναῖκας</em></strong></span> <span class='ocrx_word' id='word_1_115' title='bbox 1153 2173 1196 2244; x_wconf 83' lang='grc' dir='ltr'>εἰς</span> <span class='ocrx_word' id='word_1_116' title='bbox 1208 2167 1364 2256; x_wconf 78' lang='grc' dir='ltr'><strong><em>αἰσχύνην</em></strong></span> 
     </span>
     <span class='ocr_line' id='line_1_18' title="bbox 191 2277 1365 2368; baseline 0.001 -25"><span class='ocrx_word' id='word_1_117' title='bbox 191 2281 349 2368; x_wconf 73' lang='grc' dir='ltr'><strong><em>ἀγομένας</em></strong></span> <span class='ocrx_word' id='word_1_118' title='bbox 381 2279 459 2363; x_wconf 84' lang='grc' dir='ltr'><strong><em>μετὰ</em></strong></span> <span class='ocrx_word' id='word_1_119' title='bbox 493 2281 615 2345; x_wconf 88' lang='grc' dir='ltr'><strong><em>τέκνων</em></strong></span> <span class='ocrx_word' id='word_1_120' title='bbox 649 2281 709 2346; x_wconf 83' lang='grc' dir='ltr'>οὐκ</span> <span class='ocrx_word' id='word_1_121' title='bbox 732 2281 811 2345; x_wconf 82' lang='grc' dir='ltr'><strong><em>ἔστιν</em></strong></span> <span class='ocrx_word' id='word_1_122' title='bbox 834 2281 1029 2364; x_wconf 79' lang='grc' dir='ltr'><strong><em>ἀνθρώποις</em></strong></span> <span class='ocrx_word' id='word_1_123' title='bbox 1050 2279 1152 2344; x_wconf 78' lang='grc' dir='ltr'><strong><em>κακόν</em></strong></span> <span class='ocrx_word' id='word_1_124' title='bbox 1174 2277 1212 2345; x_wconf 74' lang='grc' dir='ltr'>ἐκ</span> <span class='ocrx_word' id='word_1_125' title='bbox 1234 2279 1365 2361; x_wconf 80' lang='grc' dir='ltr'><strong><em>φύσεως</em></strong></span> 
     </span>
     <span class='ocr_line' id='line_1_19' title="bbox 191 2387 1364 2471; baseline 0.001 -21"><span class='ocrx_word' id='word_1_126' title='bbox 191 2388 362 2469; x_wconf 84' lang='grc' dir='ltr'><strong><em>ἀναγκαῖον</em></strong></span> <span class='ocrx_word' id='word_1_127' title='bbox 396 2387 473 2451; x_wconf 88' lang='grc' dir='ltr'><strong><em>ἀλλὰ</em></strong></span> <span class='ocrx_word' id='word_1_128' title='bbox 507 2394 604 2452; x_wconf 86' lang='grc' dir='ltr'><strong><em>ταῦτα</em></strong></span> <span class='ocrx_word' id='word_1_129' title='bbox 638 2387 689 2451; x_wconf 83' lang='grc' dir='ltr'>διὰ</span> <span class='ocrx_word' id='word_1_130' title='bbox 711 2387 768 2471; x_wconf 83' lang='grc' dir='ltr'>τὴν</span> <span class='ocrx_word' id='word_1_131' title='bbox 791 2388 900 2452; x_wconf 79' lang='grc' dir='ltr'><strong><em>αὐτῶν</em></strong></span> <span class='ocrx_word' id='word_1_132' title='bbox 934 2387 1050 2452; x_wconf 78' lang='grc' dir='ltr'><strong><em>δειλίαν</em></strong></span> <span class='ocrx_word' id='word_1_133' title='bbox 1083 2388 1309 2469; x_wconf 70' lang='grc' dir='ltr'><strong><em>ὑπομένουσιν</em></strong></span> <span class='ocrx_word' id='word_1_134' title='bbox 1332 2388 1364 2451; x_wconf 78' lang='grc' dir='ltr'>οἱ</span> 
     </span>
     <span class='ocr_line' id='line_1_20' title="bbox 190 2494 1022 2579; baseline 0.001 -21"><span class='ocrx_word' id='word_1_135' title='bbox 190 2494 295 2578; x_wconf 90' lang='grc' dir='ltr'><strong><em>παρὸν</em></strong></span> <span class='ocrx_word' id='word_1_136' title='bbox 318 2494 387 2577; x_wconf 87' lang='grc' dir='ltr'>πρὸ</span> <span class='ocrx_word' id='word_1_137' title='bbox 411 2496 518 2560; x_wconf 78' lang='grc' dir='ltr'><strong><em>αὐτῶν</em></strong></span> <span class='ocrx_word' id='word_1_138' title='bbox 541 2496 725 2562; x_wconf 74' lang='grc' dir='ltr'><strong><em>ἀποθανεῖν</em></strong></span> <span class='ocrx_word' id='word_1_139' title='bbox 746 2495 792 2579; x_wconf 88' lang='grc' dir='ltr'>μὴ</span> <span class='ocrx_word' id='word_1_140' title='bbox 816 2494 1022 2579; x_wconf 78' lang='grc' dir='ltr'><strong><em>θελήσαντες.</em></strong></span> 
     </span>
    </p>

    <p class='ocr_par' dir='ltr' id='par_1_8' title="bbox 297 2600 1232 2689">
     <span class='ocr_line' id='line_1_21' title="bbox 297 2600 1232 2689; baseline -0.004 -21"><span class='ocrx_word' id='word_1_141' title='bbox 297 2602 457 2668; x_wconf 84' lang='lat' dir='ltr'><strong>V11376.</strong></span> <span class='ocrx_word' id='word_1_142' title='bbox 490 2600 661 2689; x_wconf 85' lang='grc' dir='ltr'><strong><em>πρόρριζος</em></strong></span> <span class='ocrx_word' id='word_1_143' title='bbox 683 2603 778 2674; x_wconf 85' lang='grc' dir='ltr'><strong><em>πόλις</em></strong></span> <span class='ocrx_word' id='word_1_144' title='bbox 800 2600 837 2668; x_wconf 74' lang='grc' dir='ltr'>ἐκ</span> <span class='ocrx_word' id='word_1_145' title='bbox 860 2603 997 2685; x_wconf 85' lang='grc' dir='ltr'><strong><em>βάθρων</em></strong></span> <span class='ocrx_word' id='word_1_146' title='bbox 1020 2602 1232 2687; x_wconf 85' lang='grc' dir='ltr'><strong><em>ἀνήρπασται.</em></strong></span> 
     </span>
    </p>

    <p class='ocr_par' dir='ltr' id='par_1_9' title="bbox 191 2705 1365 3545">
     <span class='ocr_line' id='line_1_22' title="bbox 298 2705 1365 2795; baseline -0.006 -17"><span class='ocrx_word' id='word_1_147' title='bbox 298 2738 332 2761; x_wconf 61' lang='grc' dir='ltr'><strong>Ν</strong></span> <span class='ocrx_word' id='word_1_148' title='bbox 349 2705 474 2778; x_wconf 89' lang='lat' dir='ltr'>Livius</span> <span class='ocrx_word' id='word_1_149' title='bbox 491 2711 542 2792; x_wconf 85' lang='lat'>26,</span> <span class='ocrx_word' id='word_1_150' title='bbox 562 2713 609 2792; x_wconf 82' lang='lat'>13,</span> <span class='ocrx_word' id='word_1_151' title='bbox 630 2713 677 2776; x_wconf 84' lang='lat'>14.</span> <span class='ocrx_word' id='word_1_152' title='bbox 716 2708 836 2795; x_wconf 89' lang='lat' dir='ltr'>itaque</span> <span class='ocrx_word' id='word_1_153' title='bbox 852 2705 1018 2795; x_wconf 89' lang='lat' dir='ltr'>quoniam</span> <span class='ocrx_word' id='word_1_154' title='bbox 1036 2706 1138 2774; x_wconf 88' lang='lat' dir='ltr'>aliter</span> <span class='ocrx_word' id='word_1_155' title='bbox 1153 2705 1207 2773; x_wconf 92' lang='lat' dir='ltr'>dis</span> <span class='ocrx_word' id='word_1_156' title='bbox 1222 2705 1365 2772; x_wconf 89' lang='lat' dir='ltr'>immor-</span> 
     </span>
     <span class='ocr_line' id='line_1_23' title="bbox 192 2812 1365 2901; baseline 0.001 -22"><span class='ocrx_word' id='word_1_157' title='bbox 192 2812 321 2880; x_wconf 90' lang='lat' dir='ltr'>talibus</span> <span class='ocrx_word' id='word_1_158' title='bbox 354 2825 408 2880; x_wconf 91' lang='lat' dir='ltr'>est</span> <span class='ocrx_word' id='word_1_159' title='bbox 430 2813 556 2899; x_wconf 91' lang='lat' dir='ltr'>visum,</span> <span class='ocrx_word' id='word_1_160' title='bbox 584 2837 665 2882; x_wconf 88' lang='lat' dir='ltr'>curu</span> <span class='ocrx_word' id='word_1_161' title='bbox 691 2826 842 2881; x_wconf 89' lang='lat' dir='ltr'>mortem</span> <span class='ocrx_word' id='word_1_162' title='bbox 874 2836 919 2880; x_wconf 89' lang='lat' dir='ltr'>ne</span> <span class='ocrx_word' id='word_1_163' title='bbox 947 2836 1107 2880; x_wconf 86' lang='lat' dir='ltr'>recusare</span> <span class='ocrx_word' id='word_1_164' title='bbox 1135 2812 1277 2901; x_wconf 89' lang='lat' dir='ltr'>quidem</span> <span class='ocrx_word' id='word_1_165' title='bbox 1306 2814 1365 2880; x_wconf 90' lang='lat' dir='ltr'>de-</span> 
     </span>
     <span class='ocr_line' id='line_1_24' title="bbox 191 2919 1364 3009; baseline 0.001 -23"><span class='ocrx_word' id='word_1_166' title='bbox 191 2921 303 3004; x_wconf 86' lang='lat' dir='ltr'>beam,</span> <span class='ocrx_word' id='word_1_167' title='bbox 319 2920 494 2988; x_wconf 84' lang='lat' dir='ltr'>cruciatus</span> <span class='ocrx_word' id='word_1_168' title='bbox 507 2920 807 3009; x_wconf 83' lang='lat' dir='ltr'>contumeliasque</span> <span class='ocrx_word' id='word_1_169' title='bbox 823 2943 911 3009; x_wconf 89' lang='lat' dir='ltr'>quas</span> <span class='ocrx_word' id='word_1_170' title='bbox 927 2931 1028 3009; x_wconf 90' lang='lat' dir='ltr'>parat</span> <span class='ocrx_word' id='word_1_171' title='bbox 1043 2920 1156 2987; x_wconf 89' lang='lat' dir='ltr'>hostis</span> <span class='ocrx_word' id='word_1_172' title='bbox 1172 2920 1257 2986; x_wconf 91' lang='lat' dir='ltr'>dum</span> <span class='ocrx_word' id='word_1_173' title='bbox 1274 2919 1364 2987; x_wconf 90' lang='lat' dir='ltr'>liber</span> 
     </span>
     <span class='ocr_line' id='line_1_25' title="bbox 192 3027 1364 3116; baseline 0.003 -24"><span class='ocrx_word' id='word_1_174' title='bbox 192 3028 277 3093; x_wconf 90' lang='lat' dir='ltr'>dum</span> <span class='ocrx_word' id='word_1_175' title='bbox 300 3028 369 3094; x_wconf 91' lang='lat' dir='ltr'>mei</span> <span class='ocrx_word' id='word_1_176' title='bbox 392 3040 519 3116; x_wconf 89' lang='lat' dir='ltr'>potens</span> <span class='ocrx_word' id='word_1_177' title='bbox 543 3051 621 3095; x_wconf 89' lang='lat' dir='ltr'>sum</span> <span class='ocrx_word' id='word_1_178' title='bbox 645 3030 803 3116; x_wconf 78' lang='lat' dir='ltr'>effugere</span> <span class='ocrx_word' id='word_1_179' title='bbox 822 3039 935 3095; x_wconf 88' lang='lat' dir='ltr'>morte</span> <span class='ocrx_word' id='word_1_180' title='bbox 951 3039 1194 3115; x_wconf 86' lang='lat' dir='ltr'>praeterquam</span> <span class='ocrx_word' id='word_1_181' title='bbox 1211 3027 1364 3095; x_wconf 89' lang='lat' dir='ltr'>honesta</span> 
     </span>
     <span class='ocr_line' id='line_1_26' title="bbox 192 3133 1365 3224; baseline 0.001 -24"><span class='ocrx_word' id='word_1_182' title='bbox 192 3133 298 3201; x_wconf 87' lang='lat' dir='ltr'>etiam</span> <span class='ocrx_word' id='word_1_183' title='bbox 325 3134 397 3201; x_wconf 92' lang='lat' dir='ltr'>leni</span> <span class='ocrx_word' id='word_1_184' title='bbox 420 3159 531 3224; x_wconf 86' lang='lat' dir='ltr'>posse,</span> <span class='ocrx_word' id='word_1_185' title='bbox 559 3158 630 3203; x_wconf 93' lang='lat' dir='ltr'>non</span> <span class='ocrx_word' id='word_1_186' title='bbox 655 3136 782 3203; x_wconf 93' lang='lat' dir='ltr'>videbo</span> <span class='ocrx_word' id='word_1_187' title='bbox 806 3135 976 3202; x_wconf 90' lang='lat' dir='ltr'>subnixos</span> <span class='ocrx_word' id='word_1_188' title='bbox 999 3157 1113 3223; x_wconf 90' lang='lat' dir='ltr'>neque</span> <span class='ocrx_word' id='word_1_189' title='bbox 1135 3134 1277 3202; x_wconf 90' lang='lat' dir='ltr'>vinctus</span> <span class='ocrx_word' id='word_1_190' title='bbox 1300 3156 1365 3221; x_wconf 89' lang='lat' dir='ltr'>per</span> 
     </span>
     <span class='ocr_line' id='line_1_27' title="bbox 192 3239 1364 3331; baseline 0 -23"><span class='ocrx_word' id='word_1_191' title='bbox 192 3242 314 3308; x_wconf 88' lang='lat' dir='ltr'>urbem</span> <span class='ocrx_word' id='word_1_192' title='bbox 343 3244 461 3309; x_wconf 89' lang='lat' dir='ltr'>trahar</span> <span class='ocrx_word' id='word_1_193' title='bbox 487 3265 553 3309; x_wconf 88' lang='lat' dir='ltr'>nec</span> <span class='ocrx_word' id='word_1_194' title='bbox 580 3242 696 3309; x_wconf 92' lang='lat' dir='ltr'>dirimi</span> <span class='ocrx_word' id='word_1_195' title='bbox 725 3241 935 3330; x_wconf 88' lang='lat' dir='ltr'>incendique</span> <span class='ocrx_word' id='word_1_196' title='bbox 962 3242 1113 3331; x_wconf 89' lang='lat' dir='ltr'>patriam</span> <span class='ocrx_word' id='word_1_197' title='bbox 1136 3239 1264 3309; x_wconf 87' lang='lat' dir='ltr'>videbo</span> <span class='ocrx_word' id='word_1_198' title='bbox 1296 3264 1364 3308; x_wconf 91' lang='lat' dir='ltr'>uec</span> 
     </span>
     <span class='ocr_line' id='line_1_28' title="bbox 191 3348 1362 3437; baseline 0 -23"><span class='ocrx_word' id='word_1_199' title='bbox 191 3348 266 3437; x_wconf 91' lang='lat' dir='ltr'>rapi</span> <span class='ocrx_word' id='word_1_200' title='bbox 290 3351 334 3416; x_wconf 88' lang='lat' dir='ltr'>ad</span> <span class='ocrx_word' id='word_1_201' title='bbox 359 3360 520 3437; x_wconf 91' lang='lat' dir='ltr'>stuprum</span> <span class='ocrx_word' id='word_1_202' title='bbox 547 3360 677 3417; x_wconf 90' lang='lat' dir='ltr'>matres</span> <span class='ocrx_word' id='word_1_203' title='bbox 706 3361 741 3417; x_wconf 91' lang='lat' dir='ltr'>et</span> <span class='ocrx_word' id='word_1_204' title='bbox 768 3349 925 3437; x_wconf 90' lang='lat' dir='ltr'>virgines</span> <span class='ocrx_word' id='word_1_205' title='bbox 953 3348 1199 3437; x_wconf 86' lang='lat' dir='ltr'>ingenuosque</span> <span class='ocrx_word' id='word_1_206' title='bbox 1225 3370 1362 3435; x_wconf 88' lang='lat' dir='ltr'>pueros.</span> 
     </span>
     <span class='ocr_line' id='line_1_29' title="bbox 192 3457 1018 3545; baseline -0.002 -21"><span class='ocrx_word' id='word_1_207' title='bbox 192 3510 322 3524; x_wconf 94' lang='grc'><strong>.....</strong></span> <span class='ocrx_word' id='word_1_208' title='bbox 348 3459 469 3524; x_wconf 84' lang='lat' dir='ltr'>urbem</span> <span class='ocrx_word' id='word_1_209' title='bbox 494 3482 513 3525; x_wconf 88' lang='lat' dir='ltr'>e</span> <span class='ocrx_word' id='word_1_210' title='bbox 536 3457 777 3525; x_wconf 82' lang='lat' dir='ltr'>fundamentis</span> <span class='ocrx_word' id='word_1_211' title='bbox 800 3468 1018 3545; x_wconf 87' lang='lat' dir='ltr'>proruerunt</span> 
     </span>
    </p>

    <p class='ocr_par' dir='ltr' id='par_1_10' title="bbox 300 3562 1362 3652">
     <span class='ocr_line' id='line_1_30' title="bbox 300 3562 1362 3652; baseline -0.002 -22"><span class='ocrx_word' id='word_1_212' title='bbox 300 3564 528 3652; x_wconf 71' lang='lat' dir='ltr'>Reliquorum</span> <span class='ocrx_word' id='word_1_213' title='bbox 560 3588 643 3633; x_wconf 85' lang='lat' dir='ltr'>vero</span> <span class='ocrx_word' id='word_1_214' title='bbox 676 3563 875 3631; x_wconf 89' lang='lat' dir='ltr'>orationum</span> <span class='ocrx_word' id='word_1_215' title='bbox 908 3563 1067 3651; x_wconf 87' lang='lat' dir='ltr'>epilogos</span> <span class='ocrx_word' id='word_1_216' title='bbox 1095 3562 1145 3629; x_wconf 91' lang='lat' dir='ltr'>ita</span> <span class='ocrx_word' id='word_1_217' title='bbox 1173 3562 1362 3650; x_wconf 85' lang='lat' dir='ltr'>componit,</span> 
     </span>
    </p>
   </div>
   <div class='ocr_carea' id='block_1_3' title="bbox 192 3667 1364 4300">
    <p class='ocr_par' dir='ltr' id='par_1_11' title="bbox 192 3667 1364 4300">
     <span class='ocr_line' id='line_1_31' title="bbox 192 3667 1364 3760; baseline -0.002 -22"><span class='ocrx_word' id='word_1_218' title='bbox 192 3683 233 3739; x_wconf 93' lang='lat' dir='ltr'>ut</span> <span class='ocrx_word' id='word_1_219' title='bbox 255 3685 440 3760; x_wconf 86' lang='lat' dir='ltr'>praecepta</span> <span class='ocrx_word' id='word_1_220' title='bbox 464 3674 643 3741; x_wconf 90' lang='lat' dir='ltr'>rhetorum</span> <span class='ocrx_word' id='word_1_221' title='bbox 672 3672 835 3739; x_wconf 88' lang='lat' dir='ltr'>observet</span> <span class='ocrx_word' id='word_1_222' title='bbox 863 3671 1183 3760; x_wconf 89' lang='lat' dir='ltr'>complectaturque</span> <span class='ocrx_word' id='word_1_223' title='bbox 1209 3667 1364 3737; x_wconf 90' lang='lat' dir='ltr'>breviter</span> 
     </span>
     <span class='ocr_line' id='line_1_32' title="bbox 193 3776 1363 3869; baseline -0.003 -22"><span class='ocrx_word' id='word_1_224' title='bbox 193 3802 434 3869; x_wconf 89' lang='lat' dir='ltr'>quaecumque</span> <span class='ocrx_word' id='word_1_225' title='bbox 462 3781 507 3847; x_wconf 90' lang='lat' dir='ltr'>ad</span> <span class='ocrx_word' id='word_1_226' title='bbox 535 3780 796 3847; x_wconf 88' lang='lat' dir='ltr'>confirmandos</span> <span class='ocrx_word' id='word_1_227' title='bbox 822 3777 976 3844; x_wconf 89' lang='lat' dir='ltr'>militum</span> <span class='ocrx_word' id='word_1_228' title='bbox 1001 3777 1201 3864; x_wconf 89' lang='lat' dir='ltr'>civiumque</span> <span class='ocrx_word' id='word_1_229' title='bbox 1224 3776 1363 3844; x_wconf 92' lang='lat' dir='ltr'>animos</span> 
     </span>
     <span class='ocr_line' id='line_1_33' title="bbox 193 3883 1363 3975; baseline -0.002 -21"><span class='ocrx_word' id='word_1_230' title='bbox 193 3898 275 3975; x_wconf 89' lang='lat' dir='ltr'>apta</span> <span class='ocrx_word' id='word_1_231' title='bbox 291 3910 368 3954; x_wconf 89' lang='lat' dir='ltr'>esse</span> <span class='ocrx_word' id='word_1_232' title='bbox 383 3886 556 3954; x_wconf 91' lang='lat' dir='ltr'>videntur.</span> <span class='ocrx_word' id='word_1_233' title='bbox 604 3888 710 3956; x_wconf 91' lang='lat' dir='ltr'>Unde</span> <span class='ocrx_word' id='word_1_234' title='bbox 724 3885 768 3952; x_wconf 90' lang='lat' dir='ltr'>fit</span> <span class='ocrx_word' id='word_1_235' title='bbox 784 3897 824 3952; x_wconf 90' lang='lat' dir='ltr'>ut</span> <span class='ocrx_word' id='word_1_236' title='bbox 846 3886 984 3953; x_wconf 89' lang='lat' dir='ltr'>duabus</span> <span class='ocrx_word' id='word_1_237' title='bbox 1008 3908 1027 3951; x_wconf 89' lang='lat' dir='ltr'>e</span> <span class='ocrx_word' id='word_1_238' title='bbox 1048 3886 1152 3951; x_wconf 89' lang='lat' dir='ltr'>rebus</span> <span class='ocrx_word' id='word_1_239' title='bbox 1174 3883 1363 3972; x_wconf 88' lang='lat' dir='ltr'>praecipue</span> 
     </span>
     <span class='ocr_line' id='line_1_34' title="bbox 194 3993 1363 4084; baseline -0.001 -23"><span class='ocrx_word' id='word_1_240' title='bbox 194 4005 357 4062; x_wconf 91' lang='lat' dir='ltr'>constent</span> <span class='ocrx_word' id='word_1_241' title='bbox 389 3994 529 4084; x_wconf 89' lang='lat' dir='ltr'>epilogi,</span> <span class='ocrx_word' id='word_1_242' title='bbox 562 4017 634 4060; x_wconf 89' lang='lat' dir='ltr'>una</span> <span class='ocrx_word' id='word_1_243' title='bbox 667 3994 759 4081; x_wconf 94' lang='lat' dir='ltr'>quod</span> <span class='ocrx_word' id='word_1_244' title='bbox 792 3993 969 4060; x_wconf 89' lang='lat' dir='ltr'>auditores</span> <span class='ocrx_word' id='word_1_245' title='bbox 997 4002 1118 4059; x_wconf 90' lang='lat' dir='ltr'>monet</span> <span class='ocrx_word' id='word_1_246' title='bbox 1146 4003 1270 4076; x_wconf 85' lang='lat' dir='ltr'>orator,</span> <span class='ocrx_word' id='word_1_247' title='bbox 1297 4014 1363 4079; x_wconf 94' lang='lat' dir='ltr'>pro</span> 
     </span>
     <span class='ocr_line' id='line_1_35' title="bbox 193 4097 1362 4189; baseline -0.001 -21"><span class='ocrx_word' id='word_1_248' title='bbox 193 4101 321 4189; x_wconf 93' lang='lat' dir='ltr'>quibus</span> <span class='ocrx_word' id='word_1_249' title='bbox 345 4101 391 4170; x_wconf 90' lang='lat' dir='ltr'>sit</span> <span class='ocrx_word' id='word_1_250' title='bbox 414 4115 600 4186; x_wconf 87' lang='lat' dir='ltr'>certamen,</span> <span class='ocrx_word' id='word_1_251' title='bbox 628 4103 747 4178; x_wconf 89' lang='lat' dir='ltr'>altera,</span> <span class='ocrx_word' id='word_1_252' title='bbox 773 4100 866 4187; x_wconf 91' lang='lat' dir='ltr'>quod</span> <span class='ocrx_word' id='word_1_253' title='bbox 890 4101 962 4165; x_wconf 88' lang='lat' dir='ltr'>dux</span> <span class='ocrx_word' id='word_1_254' title='bbox 986 4097 1161 4186; x_wconf 89' lang='lat' dir='ltr'>promittit</span> <span class='ocrx_word' id='word_1_255' title='bbox 1184 4122 1221 4165; x_wconf 91' lang='lat' dir='ltr'>se</span> <span class='ocrx_word' id='word_1_256' title='bbox 1244 4098 1362 4188; x_wconf 92' lang='lat' dir='ltr'>ipsum</span> 
     </span>
     <span class='ocr_line' id='line_1_36' title="bbox 192 4208 880 4300; baseline -0.001 -24"><span class='ocrx_word' id='word_1_257' title='bbox 192 4208 386 4300; x_wconf 88' lang='lat' dir='ltr'>principem</span> <span class='ocrx_word' id='word_1_258' title='bbox 410 4213 615 4278; x_wconf 88' lang='lat' dir='ltr'>adfuturum</span> <span class='ocrx_word' id='word_1_259' title='bbox 638 4230 714 4276; x_wconf 91' lang='lat' dir='ltr'>esse</span> <span class='ocrx_word' id='word_1_260' title='bbox 729 4230 880 4296; x_wconf 89' lang='lat' dir='ltr'>pugnae.</span> 
     </span>
    </p>
   </div>
   <div class='ocr_carea' id='block_1_4' title="bbox 0 0 1570 4958">
    <p class='ocr_par' dir='ltr' id='par_1_12' title="bbox 0 0 1570 4958">
     <span class='ocr_line' id='line_1_37' title="bbox 0 0 1570 4958; baseline 0 0"><span class='ocrx_word' id='word_1_261' title='bbox 0 0 1570 4958; x_wconf 95' lang='lat' dir='ltr'> </span> 
     </span>
    </p>
   </div>
  </div>
 </body>
</html>
