3120 4958
776 322 995 383 ..64-

305 537 341 593 et
375 525 412 593 in
447 526 591 613 singula
626 526 846 615 discerpendi
882 531 1080 618 complures
1114 531 1246 596 formas
1273 550 1345 594 non
1374 530 1489 596 modo

303 631 418 716 utiles,
453 635 514 700 sed
539 633 646 701 etiam
670 634 810 721 ineptas
833 635 981 725 protulit
1004 646 1041 702 et
1064 633 1193 719 effecit;
1228 634 1488 722 progrediente

304 738 399 807 enim
435 740 594 808 oratione
628 743 672 808 ad
701 741 941 809 adiuvandam
965 765 1039 810 rem
1063 754 1098 810 et
1121 741 1382 831 oppositionem
1407 743 1485 809 effi-

305 846 466 914 ciendam
503 851 617 915 multa
656 850 763 916 verba
801 849 923 917 inania
965 851 1173 933 funduntur,
1218 871 1486 936 supervacanea

303 954 489 1022 enuntiata
523 958 709 1042 supplendi
735 979 841 1024 causa
863 956 1076 1041 inseruntur,
1111 955 1187 1023 sive
1209 954 1259 1022 rei
1281 955 1487 1043 praemittit

303 1072 434 1146 auctor,
469 1085 558 1150 quae
592 1086 697 1153 saepe
731 1065 880 1132 formam
915 1064 1054 1151 figurae
1087 1067 1152 1132 κατ’
1178 1066 1273 1149 ἄρσιν
1304 1065 1360 1129 καὶ
1386 1065 1487 1132 θέσιν

302 1171 456 1256 praebet,
480 1168 556 1237 sive
579 1169 746 1258 adiungit
769 1181 805 1238 et
820 1171 914 1238 idem
932 1181 1183 1258 argumentum
1198 1168 1315 1236 verbis
1331 1169 1486 1237 variatis

302 1275 357 1343 bis
380 1276 547 1364 repetit¹)

411 1386 512 1468 Quae
546 1385 635 1452 ratio
671 1385 914 1472 coniungendi
943 1385 1129 1452 enuntiata
1152 1395 1215 1452 aut
1237 1382 1340 1450 initio
1365 1406 1486 1471 aequo

303 1502 366 1558 aut
388 1490 461 1558 fine
485 1492 682 1575 adiuvatur,
706 1491 834 1579 quibus
857 1491 984 1580 figuris
1009 1493 1209 1578 anaphorae
1232 1502 1268 1558 et
1283 1490 1488 1576 paromoio-

302 1621 380 1665 seos
415 1609 451 1666 et
489 1599 756 1666 homoiotelenti
791 1599 883 1667 infra
917 1598 1126 1685 explicatius
1161 1596 1374 1664 disserendis
1410 1599 1485 1665 hoc

301 1707 379 1772 loco
402 1704 438 1771 id
461 1705 643 1772 mentione
666 1704 817 1791 dignum
834 1717 895 1788 est,
920 1707 1013 1792 quod
1035 1728 1105 1771 non
1123 1706 1228 1771 modo
1244 1703 1484 1791 aequabilitas

302 1834 475 1900 saepeque
510 1835 678 1879 numerus
706 1835 839 1900 aequus
863 1814 1078 1898 syllabarum
1101 1811 1242 1902 petitur,
1276 1812 1338 1878 sed
1368 1811 1484 1878 etiam

302 1941 477 1985 consensu
499 1921 737 1986 membrorum
761 1931 796 1987 et
820 1919 939 1987 sonitu
964 1921 1136 2007 quaedam
1160 1916 1387 2003 eurhythmia
1404 1919 1485 1985 erfi-

303 2023 401 2092 citur.

408 2132 602 2200 Tricolicae
626 2144 662 2201 et
678 2134 900 2202 tetracolicae
916 2144 1036 2200 autem
1051 2131 1229 2215 orationis,
1253 2153 1343 2218 quae
1358 2131 1483 2219 magis

300 2240 337 2306 in
363 2263 477 2327 genus
500 2241 697 2328 figurarum
721 2243 892 2329 quadrare
912 2240 1108 2321 videantur,
1132 2237 1302 2325 exemplis
1325 2249 1483 2324 praeter-

300 2345 417 2413 missis
452 2370 548 2414 nunc
583 2350 627 2414 ad
663 2349 904 2434 asyndcticam
939 2358 1152 2414 structuram
1184 2344 1298 2428 veni0,
1331 2367 1402 2432 qua
1433 2347 1479 2412 ab

301 2452 379 2520 aliis
402 2454 630 2544 scriptoribus
651 2456 696 2522 ad
712 2457 910 2522 docendum
927 2465 962 2521 et
977 2454 1195 2520 monendum
1211 2463 1294 2540 apta
1310 2450 1436 2518 habita
1444 2455 1482 2540 ²),

301 2583 382 2627 cum
416 2561 489 2629 vim
523 2585 655 2649 augere
688 2562 855 2630 brevibus
888 2559 1208 2647 minutioribusque
1238 2558 1406 2625 membris
1443 2571 1480 2628 et

299 2690 420 2755 pressa
458 2670 637 2736 cumulata
676 2680 880 2736 coacervata
919 2668 1077 2735 oratione
1112 2668 1261 2750 studeat,
1295 2667 1480 2753 Josephus

299 2772 420 2859 utitur,
443 2787 484 2843 ut
507 2775 643 2842 animos
668 2775 820 2843 concitet
843 2787 879 2843 et
894 2777 1050 2842 affectus.

408 2884 594 2967 Quomodo
610 2883 661 2967 fit,
678 2895 718 2950 ut
735 2896 770 2951 et
782 2884 818 2950 in
832 2883 1098 2971 quaestionibus
1111 2880 1323 2969 urgentibus
1334 2880 1383 2966 (11
1398 2884 1480 2968 361)

301 2989 521 3077 epilogisque
556 2990 756 3058 orationum
792 2992 874 3077 (VII
892 2996 966 3074 380,
991 2993 1067 3078 385)
1097 3002 1133 3056 et
1155 2989 1192 3055 in
1217 2987 1278 3055 illa
1301 2986 1377 3054 Titi
1402 3011 1481 3055 ora-

300 3097 397 3164 tione
420 3096 637 3181 adhibeatur,
673 3121 743 3185 qua
767 3097 880 3184 qualis
912 3097 948 3164 in
973 3099 1130 3182 Judacos
1153 3094 1261 3163 fuerit
1283 3093 1482 3183 imperator

299 3203 451 3291 singulis
474 3206 578 3271 rebus
601 3205 774 3291 factisque
797 3205 944 3292 exponit
967 3216 1003 3272 et
1026 3203 1173 3271 disserit

408 3313 458 3380 VI
483 3316 556 3378 344.
591 3313 672 3396 ἧκον
695 3314 744 3377 ἐπὶ
766 3314 821 3397 τὴν
843 3315 933 3378 πόλιν
957 3315 1030 3396 ἐγώ,

588 3421 645 3484 τὸν
669 3421 773 3503 δῆμον
796 3422 939 3499 ἀκούσας
962 3471 968 3485 .
993 3471 999 3485 .
1024 3472 1030 3485 .
1055 3422 1170 3504 ἥσθην.

588 3529 671 3608 ὑμᾶς
694 3575 702 3588 .
725 3580 731 3593 .
755 3530 962 3613 παρεκάλοιν,

588 3685 594 3699 .
618 3686 625 3698 .
650 3686 656 3698 .
680 3636 907 3718 πολεμούντων
930 3637 1117 3720 ἐφειδόμην,

589 3742 691 3816 δεξιὰς
714 3743 830 3824 ἔδωκα,

586 3852 989 3936 καταφυγοῦσιν-ἐτήρησα,

587 3957 729 4028 πολλοὺς
751 4007 757 4022 .
782 4008 788 4022 .
813 4008 819 4022 .
844 3959 961 4041 ἠλέησα
983 3960 1045 4024 κτλ.

409 4103 432 4178 ¹)
457 4104 494 4161 cI.
510 4104 575 4180 p.8
600 4105 672 4162 illud
697 4105 910 4180 Hermogenis.

407 4191 429 4267 ²)
454 4192 549 4261 Blass
572 4193 707 4252 Gramm.
732 4195 786 4252 des
809 4202 890 4252 nent.
914 4193 1037 4257 Griech.
1061 4215 1090 4271 p.
1107 4194 1181 4255 272.
