3120 4958
680 341 879 403 -5-

194 551 304 640 ponit,
333 562 470 619 utnon
500 550 663 618 videatur
690 549 927 617 necessarium
950 551 1098 618 eandem
1121 547 1364 637 quaestionem

194 669 343 726 tractare
366 669 402 726 et
424 658 606 745 explicare,
630 659 691 724 sed
715 657 800 725 satis
824 679 962 724 summa
986 658 1124 724 afferre:

300 767 446 850 πόλεμον
471 768 574 851 μέγαν
602 797 636 820 ω
663 767 804 849 πόλεμον
830 769 991 854 μέγιστον.
1021 754 1219 849 α’κμάζοντες
1247 795 1281 818 ω
1305 767 1363 831 ἀκ-

192 870 298 958 μάζον
322 875 338 936 Ι
361 878 390 939 4.
424 876 542 957 κίνησις
565 867 628 962 γοὶρ
652 876 732 957 αὕτη
755 874 883 957 μεγίστη
908 874 1028 955 ἐγένετο
1049 903 1083 925 Ν
1106 874 1276 959 γενομένου
1300 863 1363 956 γᾶρ

191 982 344 1069 μεγίστου
366 982 460 1047 τοῦδε
482 977 666 1069 κινήματος.
691 983 706 1045 Ι
724 985 752 1045 4.

301 1088 414 1152 Multo
452 1085 595 1153 maioris
635 1098 754 1153 autem
788 1084 958 1153 momenti
994 1094 1093 1152 erant
1127 1083 1163 1151 in
1199 1083 1362 1152 omnibus

194 1191 358 1280 operibus
381 1192 552 1260 rhetorice
575 1191 756 1280 perpolitis

684 1409 872 1478 oratlones

196 1572 284 1637 quas
306 1547 491 1616 historicos
514 1547 707 1616 narrationi
724 1550 767 1616 ab
784 1548 957 1617 Herodoti
973 1547 1262 1637 Thucydidisque
1279 1560 1363 1618 tem-

193 1656 338 1743 poribus
366 1654 554 1722 inseruisse
583 1666 729 1740 constat,
759 1667 799 1724 ut
828 1656 1006 1724 interdum
1033 1655 1249 1744 frequentior
1277 1678 1362 1724 usus

194 1787 216 1831 a
237 1763 419 1830 nonnullis
441 1760 707 1849 vituperaretur.
718 1763 742 1850 ¹)
788 1765 885 1848 Quas
909 1761 1085 1830 orationes
1109 1761 1216 1830 etiam
1232 1762 1268 1829 in
1285 1763 1361 1830 rhe-

193 1881 309 1938 torum
337 1868 466 1936 scholis
494 1869 791 1937 declamationum
819 1869 889 1937 ritu
918 1892 994 1937 esse
1017 1880 1193 1954 tractatas,
1217 1892 1298 1937 cum
1320 1881 1362 1937 ut

191 1998 420 2064 personarum
442 1999 557 2044 mores
580 1974 797 2044 illustrarent
820 1988 897 2044 tum
920 1987 961 2044 ut
983 1979 1144 2064 exempla
1160 1975 1244 2044 artis
1260 1975 1360 2064 quasi

193 2081 399 2171 epidicticae
432 2085 648 2171 praeberent,
683 2095 829 2171 apparet
863 2094 899 2151 et
927 2107 970 2151 ex
1000 2106 1067 2150 usu
1096 2095 1132 2151 et
1160 2095 1362 2152 eveterum

192 2189 404 2258 testimoniis
427 2193 526 2257 velut
548 2190 718 2257 Theonis:

297 2323 454 2382 προγυμν.
479 2301 573 2363 c.10.
598 2300 633 2362 II
658 2319 690 2384 p.
712 2302 782 2363 115.
806 2299 892 2364 rhet.
917 2295 1043 2365 Graeci
1067 2298 1125 2384 Sp.

299 2407 549 2487 προσωποποιία
572 2404 655 2471 ἐστίν
678 2403 861 2489 προσώπου
888 2397 1118 2493 παρεισαγωγι)
1142 2407 1361 2490 διατιθεμένου

192 2508 307 2594 λόγους
330 2508 467 2584 οἰκείους
490 2515 594 2595 ἑαυτῷ
615 2511 670 2577 καί
692 2520 756 2584 τοῖς
778 2514 999 2595 ὑποκειμένοις
1014 2509 1206 2596 πράγμασιν
1222 2503 1360 2602 οἷναμφι-

192 2615 318 2704 σβήτως
344 2612 415 2684 οἷον
417 2669 570 2686 ......
604 2621 688 2690 τίνας
715 2613 756 2684 δν
782 2616 897 2702 λόγους
926 2619 1104 2704 στρατηγὸς
1131 2615 1213 2684 εἴποι
1237 2613 1277 2686 δν
1298 2627 1362 2692 τοῖς

192 2722 396 2809 στρατιώταις
419 2727 477 2791 ἐπὶ
505 2726 581 2797 τοὺς
606 2727 772 2805 κινδύνους
791 2773 922 2791 .....
950 2726 1013 2791 ὑπὸ
1041 2724 1077 2792 δὲ
1099 2733 1191 2792 τοῦτο
1212 2718 1248 2791 τὸ
1271 2725 1362 2809 γένος

190 2835 246 2921 τῆς
273 2834 445 2916 γυμνασίας
470 2835 574 2898 πίπτει
596 2834 735 2898 καὶτῶν
759 2836 990 2917 πανηγυρικῶν
1015 2829 1121 2921 λόγων
1142 2834 1225 2904 είδος
1247 2832 1302 2898 καὶ
1324 2825 1360 2899 al

190 2942 257 3003 τῶν
278 2945 526 3024 προτρεπτικῶν.
557 2939 609 3024 (cl.
626 2937 760 3004 Theon.
779 2943 813 3004 11
837 2961 867 3025 p.
886 2943 928 3004 60
941 2949 977 3006 et
993 2937 1191 3011 Lucianum
1214 2944 1290 3012 πῶς
1313 2941 1365 3007 δεῖ

191 3047 331 3128 ἱστορίαν
353 3043 544 3132 συγγράφειν
567 3049 629 3123 58.)

298 3152 415 3237 Atque
438 3162 478 3218 ut
501 3151 720 3238 inquiramus
743 3175 831 3239 quas
853 3153 1030 3240 Josephus
1054 3151 1101 3219 sit
1123 3162 1265 3219 secutus
1280 3151 1361 3218 rati-

191 3279 278 3324 ones
312 3256 348 3324 in
384 3258 635 3344 componendis
670 3258 887 3326 orationibus
921 3268 1067 3346 apparet
1098 3280 1157 3325 eas
1187 3257 1360 3326 rhetorice

191 3367 303 3432 factas
326 3375 361 3432 et
383 3364 485 3432 fictas
501 3366 657 3432 scholam
672 3367 788 3454 magis
804 3389 926 3455 sapere
941 3388 1047 3453 quam
1063 3363 1248 3467 veripatem
1263 3366 1360 3433 redo-

190 3473 269 3540 lere.
316 3473 420 3557 Quod
443 3483 623 3561 praeterea
639 3472 781 3540 Niesius
804 3471 1041 3562 (Historische
1057 3471 1257 3540 Zeitsehrift
1275 3477 1359 3540 1896

192 3583 234 3645 N.
252 3578 289 3646 F.
314 3581 373 3646 Bd.
391 3579 444 3668 40)
469 3591 504 3647 et
528 3584 629 3648 Peter
652 3579 950 3662 (Geschichtliche
974 3579 1152 3652 Literatur
1174 3582 1236 3647 der
1257 3578 1360 3647 romi-

191 3686 299 3752 schen
333 3685 527 3754 Kaiserzeit
558 3710 589 3775 p.
607 3689 683 3775 303)
718 3711 761 3754 ex
786 3687 938 3754 Herodis
969 3687 1127 3756 oratione
1159 3689 1359 3775 comproba-

190 3804 328 3876 verunt,
352 3815 441 3880 quae
457 3799 538 3860 cum
553 3794 590 3860 in
608 3793 721 3881 primo
737 3794 819 3862 belli
834 3793 975 3880 Judaici
991 3796 1079 3862 libro
1096 3796 1123 3883 (1
1142 3796 1218 3883 373)
1235 3804 1359 3880 exstet,

191 3899 228 3967 in
260 3899 531 3987 antiquitatibus
566 3923 656 3988 quae
678 3913 857 3987 vocantur,
889 3903 1010 3970 redeat
1033 3906 1114 3989 (XV
1140 3903 1226 3990 139),
1258 3901 1359 3969 aliter

191 4006 250 4074 hic
272 4006 321 4074 ibi
344 4017 398 4075 est
422 4006 626 4095 conscripta.

302 4209 325 4285 ¹)
349 4211 496 4268 Plutarcb
519 4211 558 4268 de
581 4228 724 4287 praecep.
746 4211 790 4269 rei
813 4212 896 4288 publ.
919 4229 979 4289 ger.
1003 4209 1033 4276 6.
