3120 4958
662 314 880 378 ..13-

190 525 340 592 fortasse
373 521 557 591 crediderit
589 522 774 612 quispiam,
807 523 889 611 quia
916 525 1128 592 vocabulum
1157 528 1362 612 ὑπερήφανος

193 632 331 721 (paneg.
355 634 569 718 ὑπερηφανία)
593 630 830 718 adiungitur),
854 629 981 697 deinde
1003 634 1059 717 τὴν
1079 634 1198 717 μικρὰν
1212 634 1362 717 Σάλαμιν

195 749 232 806 et
243 741 519 823 Λακεδαιμονίους
534 748 570 804 et
588 741 799 823 &hortonellae
814 748 850 804 et
864 739 1028 818 Πλαταιάς
1040 749 1076 805 et
1086 740 1140 805 τδν
1151 736 1362 824 ἐρευνήσαντα

191 848 247 930 τὴν
266 847 370 912 Ἀσίαν
393 836 587 934 Ἀγησίλαον.

299 968 505 1057 Agesilaum
539 980 657 1036 autem
690 993 711 1036 a
744 968 942 1036 rhetoribus
971 971 1256 1037 commendatum
1286 992 1361 1038 esse

194 1077 298 1143 docet
333 1077 526 1142 Menander
561 1078 637 1160 περὶ
670 1078 801 1143 bubata.
838 1075 924 1142 rhet.
960 1076 1022 1143 Gr.
1051 1079 1107 1142 ΙΙΙ
1140 1099 1171 1162 p.
1201 1080 1265 1142 389
1301 1076 1359 1166 Sp.

298 1187 397 1271 χαίρει
418 1184 454 1249 τδ
475 1192 529 1268 τῆς
550 1185 657 1256 λαλιᾶς
679 1185 762 1255 εἶδος
783 1192 821 1268 τῇ
844 1185 1007 1272 γλυκύτητι
1029 1183 1086 1250 καὶ
1107 1191 1145 1268 τῇ
1167 1190 1232 1249 τῶν
1247 1185 1360 1274 διηγη-

189 1295 301 1375 μάτων
335 1293 489 1376 δβρδιητι.
523 1290 733 1375 παραγένοιτο
769 1281 799 1355 δ’
822 1294 861 1356 ἂν
893 1294 914 1374 ἡ
945 1292 1100 1379 γλυκύτης
1122 1298 1187 1356 τῶν
1208 1292 1313 1374 λόγων
1335 1293 1365 1356 εί

190 1399 433 1484 παραδείγματα
467 1400 612 1487 λέγοιμεν
646 1388 689 1464 δι’
724 1397 772 1463 ὧν
806 1401 1021 1482 ἕμφανιοῦμεν
1054 1401 1073 1462 ὃ
1106 1400 1360 1482 προαιρούμεθα.

190 1497 263 1573 οῖον
296 1509 325 1570 εί
350 1495 540 1590 Ἀγησίλαον
573 1507 715 1588 λέγοιμεν
750 1557 756 1572 .
794 1556 800 1568 .
836 1556 842 1568 .
877 1505 928 1589 (ci.
957 1502 1079 1570 Aelius
1112 1502 1284 1570 Aristides
1319 1507 1362 1583 εἷς

191 1603 319 1697 Ῥώμην
342 1615 393 1695 26,
420 1617 458 1676 17
484 1614 526 1678 K.
551 1614 692 1696 ἐδήλωσε
714 1615 733 1695 ἡ
753 1613 928 1695 Ἀγεσιλάῳ
951 1613 1083 1696 δύναμις
1107 1663 1113 1676 .
1137 1615 1167 1695 .).
1284 1606 1286 1611 ’

302 1736 588 1803 Consentaneum
620 1757 703 1803 vero
732 1745 786 1801 est
813 1734 1009 1821 Josephum
1037 1733 1074 1800 in
1102 1735 1249 1801 heroum
1277 1756 1361 1801 enu-

190 1841 386 1910 meratione
402 1854 437 1910 et
452 1844 663 1930 populorum
677 1842 868 1929 producere
885 1842 1094 1907 Macedones
1110 1853 1146 1908 et
1158 1840 1360 1929 Philippum

192 1961 230 2017 et
245 1951 485 2016 Alexandrum
497 1950 530 2037 ¹),
551 1949 738 2037 dequibus
754 1970 876 2015 ornnes
892 1949 1072 2015 rhetorum
1088 1949 1225 2015 scholas
1241 1959 1276 2016 et
1291 1948 1361 2036 epi-⁸

193 2055 339 2124 dicticos
362 2056 549 2144 scriptores
572 2057 786 2124 declamasse
809 2080 829 2122 e
852 2055 1020 2123 sescentis
1043 2055 1129 2122 locis
1149 2066 1266 2142 potest
1281 2078 1361 2142 cog·

192 2162 300 2246 nosci,
324 2174 360 2230 et
380 2162 480 2230 cuius
502 2166 579 2249 τύχη
604 2163 703 2250 quasi
727 2162 911 2249 proverbio
927 2165 960 2231 V
976 2166 1039 2229 465
1061 2173 1360 2230 commemoratur.

299 2290 379 2373 Qua
402 2288 515 2376 prima
538 2287 857 2375 argumentationis
873 2299 972 2376 parte
996 2289 1182 2375 (συμπλοκὴ
1199 2296 1267 2356 τῶν
1281 2314 1361 2374 προ-

190 2397 332 2484 φύσεων)
365 2395 513 2463 disserta
545 2397 589 2462 ad
622 2395 866 2483 insequentem
895 2406 1032 2484 partem
1065 2395 1158 2483 (τίνες
1189 2399 1277 2468 ὄντες
1307 2398 1362 2462 καί

189 2502 273 2570 τίσιν
295 2506 483 2588 ἐπιχειρεῖτε
506 2502 664 2592 πολεμεῖν)
689 2503 815 2570 transit
838 2501 1030 2591 disputatio
1046 2525 1136 2589 quae
1152 2524 1232 2568 cum
1247 2501 1362 2589 priore

192 2609 507 2697 complectentibus
529 2608 627 2677 hisce
649 2608 766 2678 verbis
790 2608 1030 2696 coniungitur:

298 2738 423 2802 11361.
449 2737 526 2801 ἄλλα
555 2761 586 2801 τε
609 2738 687 2820 ἔθνη
717 2738 815 2819 μυρία
845 2737 986 2808 πλείονος
1010 2737 1145 2824 γέμοντα
1172 2736 1254 2820 πρδς
1277 2735 1360 2803 ἕλει·-

189 2845 302 2927 δερίαν
316 2846 495 2929 παρρησίας
510 2846 591 2917 εἴκει,
614 2844 707 2927 μόνοι
724 2832 753 2907 δ)
769 2845 860 2927 ὑμεῖς
883 2844 1024 2917 ἀδοξεῖτε
1048 2843 1205 2907 δουλεύειν
1220 2843 1267 2914 αίς
1280 2844 1355 2907 ὕπο-

190 2953 330 3016 τέταιιται
356 2952 394 3014 τὰ
420 2953 522 3016 πάντα
551 2980 586 3003 Ν
618 2950 651 3016 V
675 2953 747 3046 366.
787 2951 851 3016 δεῖν
875 2953 981 3033 μέντοι
1012 2951 1068 3016 καί
1099 2949 1255 3029 δεσπότας
1284 2951 1359 3015 ἀδο-

191 3062 254 3134 ξεῖν
275 3060 513 3140 ταπεινοτέρους
536 3059 595 3141 οὒχ
618 3058 665 3136 οίς
687 3055 856 3141 ὑποχείρια
877 3057 915 3121 τὰ
933 3058 1041 3122 πάντα

300 3179 551 3268 Propositionis
586 3191 704 3248 autem
737 3181 845 3248 verba
869 3183 963 3246 1136
998 3183 1081 3264 ποίᾳ
1108 3190 1231 3266 στρατιᾷ
1255 3184 1361 3254 ποίοις

190 3291 382 3361 πεποιθότες
406 3291 513 3361 ὅπλοις
536 3286 677 3355 assertis
698 3299 734 3355 et
750 3287 959 3375 urgentibus
975 3285 1240 3376 quaestionibus
1256 3286 1360 3355 inter-

191 3393 316 3481 positis
352 3396 624 3482 comprobantur
659 3417 700 3462 ea
734 3394 1051 3483 argumentatione,
1086 3417 1176 3482 quae
1211 3395 1359 3461 formam

191 3501 413 3589 speciemque
435 3500 639 3589 panegyrici
663 3500 799 3589 imperii
825 3501 976 3568 Romani
1000 3501 1103 3569 subit

303 3628 411 3694 Cuius
449 3650 504 3694 res
541 3650 776 3715 numerosque
819 3626 856 3694 in
895 3626 1067 3695 breviario
1106 3625 1246 3714 publico
1284 3649 1360 3693 esse

303 3897 328 3983 ¹)
352 3902 389 3960 cs.
409 3904 505 3971 Peter,
528 3901 712 3960 Geschichtl.
728 3901 876 3961 Literatur
897 3904 950 3960 der
965 3906 1040 3961 rbm.
1055 3900 1222 3959 Kaiserzeit
1237 3920 1266 3976 p.
1285 3899 1359 3970 259,

191 3991 303 4063 Hirzel,
332 3991 441 4066 Dialog
464 3990 492 4047 11
521 3991 613 4056 71ff..
641 3991 775 4060 Norden,
801 3992 856 4048 Rb.
880 3993 956 4049 Mus.
986 3991 1069 4053 1899
1097 4011 1126 4066 ρ.
1150 3987 1224 4055 468,
1259 3990 1358 4057 Helm,

192 4080 306 4138 Lucian
336 4081 397 4137 und
421 4081 545 4155 Menipp
569 4099 598 4155 p.
624 4078 734 4150 20718,
758 4081 935 4148 Wendland‚
957 4082 1056 4140 Philos
1079 4079 1188 4137 Schrilt
1209 4079 1286 4137 r'rber
1309 4079 1358 4137 die

193 4169 372 4246 Vorsehung
394 4188 424 4244 p.
448 4168 511 4228 20ὁ
533 4169 593 4230 alii.
