3120 4958
666 326 886 388 ..67-

193 555 338 622 operam
374 534 474 601 daret
496 535 684 623 Josephus,
719 546 760 602 ut
783 534 979 603 orationem
1002 536 1176 618 conderet,
1209 533 1372 623 periodos

198 652 434 727 componeret,
456 643 614 708 membra
637 640 847 729 disponeret,
880 641 950 708 iarn
974 640 1059 708 hinc
1082 652 1303 709 transeamus
1326 643 1371 710 ad

678 874 891 957 sententias,

195 1039 284 1103 quas
308 1016 435 1083 Graeci
460 1028 589 1083 vocant
613 1020 745 1101 γνώμας
767 1027 802 1082 et
826 1028 962 1083 veteres
985 1017 1143 1083 rhetores
1167 1019 1211 1083 ad
1228 1039 1371 1084 causam

195 1135 278 1210 apte
301 1125 548 1190 accomodatas
572 1122 768 1190 orationem
792 1134 828 1190 et
850 1121 1043 1210 pleniorem
1067 1134 1103 1190 et
1125 1122 1370 1189 iucundiorem

195 1239 233 1297 et
255 1230 452 1296 uberiorem
477 1229 670 1296 reddidisse
693 1231 897 1297 docuerunt

303 1353 619 1441 Distinguentibus
654 1365 773 1420 autem
808 1353 911 1420 nobis
944 1354 1201 1422 sententiarum
1229 1369 1369 1441 quoque

193 1483 250 1528 res
273 1471 309 1527 et
331 1463 489 1546 formam,
513 1472 659 1548 apparet
682 1473 933 1548 argumentum
957 1460 1213 1528 sententiarum
1237 1483 1368 1548 paucos

194 1569 289 1635 locos
314 1567 497 1654 complecti
522 1580 557 1635 et
581 1566 680 1655 quasi
706 1566 909 1650 tralaticios;
934 1566 1146 1655 quicumque
1170 1568 1264 1634 enim
1285 1590 1369 1655 pau-

193 1675 270 1740 lum
292 1674 476 1741 historiam
501 1673 752 1768 gnomologiae
779 1673 1003 1761 perspexerit,
1034 1697 1106 1741 non
1130 1673 1311 1761 ignorabit
1333 1683 1370 1740 et

193 1803 262 1847 usu
297 1781 622 1868 consuetudineque
650 1780 859 1867 scriptorum
891 1792 927 1848 et
949 1782 1150 1848 scholarum
1174 1779 1369 1848 exercitati-

193 1887 321 1954 onibus
360 1911 432 1954 rem
476 1911 517 1954 eo
557 1889 745 1954 deductam
784 1910 873 1970 esse,
913 1901 954 1954 ut
992 1889 1135 1954 eaedem
1171 1887 1368 1954 sententiae

193 1996 386 2081 eademque
424 1995 604 2084 proposita
642 2018 713 2060 non
753 1996 858 2060 modo
898 1996 992 2081 apud
1028 2016 1151 2061 omnes
1182 1993 1368 2082 scriptores

191 2101 427 2188 posteriorum
451 2112 649 2188 temporum
673 2112 736 2168 aut
759 2100 894 2168 variata
910 2113 972 2168 aut
988 2101 1213 2168 deflectentia
1229 2102 1273 2167 ad
1290 2122 1370 2166 con-

192 2207 340 2274 trarium
352 2231 453 2275 versa
469 2208 632 2291 redirent,
649 2209 709 2274 sed
727 2208 833 2275 etiam
846 2232 888 2276 ea
899 2207 1124 2294 potissimum
1135 2210 1367 2295 probarentur

192 2323 229 2380 et
252 2316 439 2401 placerent,
472 2338 561 2402 quae
585 2315 713 2382 iterum
738 2326 843 2403 atque
867 2315 995 2383 iterum
1019 2314 1169 2403 repetita
1192 2315 1243 2381 ita
1266 2324 1367 2380 erant

191 2423 404 2509 pervulgata
443 2433 479 2488 et
518 2444 680 2489 sermone
715 2422 811 2506 trita,
847 2435 887 2489 ut
920 2445 1033 2509 paene
1073 2421 1109 2488 in
1149 2445 1253 2489 nsum
1291 2443 1368 2508 pro-

191 2527 303 2595 verbii
334 2528 505 2612 venirent,
540 2530 731 2596 dummodo
766 2553 860 2596 nova
888 2529 1024 2595 ratione
1047 2539 1082 2595 et
1105 2528 1208 2595 novis
1231 2526 1367 2595 facetiis

192 2645 434 2702 tractarentur.

303 2762 489 2844 Quomodo
512 2760 555 2827 fit
571 2772 611 2826 ut
626 2762 804 2849 Josephus
828 2783 967 2848 quoque
983 2760 1084 2826 nobis
1106 2765 1202 2846 τύχην
1218 2772 1254 2827 et
1269 2764 1367 2846 τύχης

190 2869 373 2952 μεταβολάς
388 2879 423 2934 et
439 2871 565 2952 φθόνον
581 2867 779 2954 similiaque
789 2867 809 2954 ¹)
833 2868 1004 2954 producat
1025 2878 1061 2933 et
1076 2866 1168 2953 aptis
1185 2878 1220 2934 et
1235 2864 1366 2954 ineptis

190 2971 414 3057 dictionibus,
447 2974 589 3061 quaesi
614 2974 692 3061 quis
724 2974 888 3062 reliquias
923 2974 1131 3062 scriptorum
1156 2973 1366 3046 Latinorum

190 3079 286 3147 illius
318 3080 445 3147 aetatis
476 3081 578 3147 nobis
606 3093 763 3148 servatas
793 3094 912 3149 mente
936 3080 1240 3168 comprehenderit
1271 3081 1365 3168 apud

190 3185 278 3254 alios
310 3210 485 3254 recurrere
508 3188 674 3257 inveniet.
722 3191 945 3276 Quamquam
969 3211 1052 3256 vero
1080 3210 1194 3275 neque
1217 3199 1365 3255 conatus

190 3304 246 3361 est
279 3317 394 3381 neque
429 3294 460 3360 ei
496 3295 656 3382 contigit,
691 3308 732 3363 ut
765 3296 801 3363 id
837 3298 929 3383 quod
964 3295 1040 3383 ipse
1067 3294 1203 3362 videret
1238 3305 1300 3361 aut
1332 3292 1363 3360 ei

190 3389 397 3485 occurreret,
427 3425 447 3468 e
469 3403 610 3490 propria
642 3426 758 3470 rerum
783 3402 1080 3492 contemplatione
1108 3401 1144 3468 in
1169 3400 1364 3469 sententias

190 3507 356 3575 omnibus
379 3508 581 3598 perspicuas
612 3509 765 3596 lingeret
795 3522 831 3578 et
854 3513 1027 3594 formaret,
1059 3533 1149 3597 quae
1180 3509 1216 3576 in
1241 3531 1364 3575 omnes

189 3625 308 3705 partes
320 3617 480 3683 valerent
495 3628 531 3684 et
546 3616 709 3703 vigerent
725 3628 760 3683 et
773 3617 915 3705 penitus
931 3619 1117 3684 haererent
1132 3616 1168 3682 in
1185 3615 1363 3698 memoria,

190 3733 309 3789 tamen
349 3746 370 3790 a
407 3722 659 3810 posterioribus
701 3723 777 3792 sive
823 3749 843 3791 a
883 3724 1008 3791 Photio
1047 3725 1241 3805 laudatura
1288 3722 1364 3790 sive

190 3851 211 3894 a
234 3828 387 3896 Stobaeo
411 3829 630 3917 aliorumque
653 3830 836 3918 florilegiis
860 3833 1012 3899 affertur.

300 4065 324 4142 ¹)
347 4066 480 4125 Luetzen
504 4069 556 4125 1.1.
579 4089 607 4144 p.
626 4067 677 4128 27.

298 4168 325 4255 2)
349 4191 439 4250 supra
462 4194 491 4250 p.
508 4173 537 4234 2.
