3120 4958
685 321 920 398 ..3-'

309 542 520 612 Rhetoricae
542 555 662 612 autem
682 542 850 612 historiae
864 566 936 610 non
953 544 1057 610 modo
1074 542 1223 610 virtutes
1239 540 1370 628 didicit,

202 673 290 738 quas
306 673 382 718 esse
397 651 496 739 parvi
512 652 694 719 habendas
709 674 781 718 non
798 673 933 734 censeo,
949 672 1029 717 cum
1045 648 1174 717 scholis
1189 650 1370 717 rhetorum

202 759 375 845 quaedam
397 757 547 825 facilitas
570 769 607 826 et
629 756 784 825 sollertia
804 755 984 844 cogitandi
1004 767 1040 824 et
1055 755 1296 823 conformandi
1313 779 1371 823 ex-

203 867 382 950 coleretur,
415 867 477 933 sed
500 865 607 933 etiam
630 864 718 934 vitia
741 865 785 933 ab
809 863 1014 952 aequalibus
1023 863 1045 954 ¹)
1069 862 1255 953 opprobrio
1278 864 1370 948 data,

202 973 296 1060 quod
321 996 342 1040 a
364 971 513 1040 veritate
534 972 677 1060 penitus
700 972 884 1040 recederet

307 1081 408 1164 Quae
428 1078 547 1146 omnia
570 1077 768 1165 similiaque
791 1100 871 1144 cum
894 1076 931 1144 in
956 1099 1070 1165 genus
1086 1076 1246 1164 finesque
1261 1075 1369 1145 histo·

201 1184 263 1252 rici
288 1187 410 1253 cadere
432 1185 628 1271 videantur,
656 1186 795 1271 omitto;
817 1184 906 1252 mihi
930 1197 1048 1253 autem
1071 1186 1226 1253 nuncin
1250 1184 1369 1252 animo

203 1304 257 1360 est
279 1291 452 1380 explicare
476 1305 511 1360 et
534 1295 726 1377 ostendere,
751 1292 914 1361 Flavium
929 1295 1127 1380 Josephum
1147 1304 1183 1360 et
1198 1304 1273 1361 arte
1288 1291 1369 1359 scri-

200 1399 306 1467 bendi
335 1411 370 1467 et
398 1399 712 1467 consuetudinibus
740 1423 795 1467 res
830 1399 1003 1468 tractandi
1038 1398 1267 1467 sollemnibus
1294 1423 1367 1467 non

198 1529 344 1573 numero
372 1509 587 1574 Graecorum
618 1507 827 1594 scriptorum
863 1529 939 1573 esse
969 1505 1203 1592 eximendum,
1236 1507 1296 1574 sed
1329 1505 1366 1572 in
1456 1516 1458 1520 “

198 1612 357 1679 ordinem
389 1613 630 1701 redigendum,
659 1636 808 1701 quorum
836 1612 1000 1700 operibus
1027 1613 1149 1680 multis
1177 1612 1367 1701 deperditis

198 1742 242 1786 ex
264 1720 411 1807 Josephi
443 1720 540 1787 libris
572 1743 643 1787 non
677 1731 749 1788 tam
782 1743 886 1787 suum
916 1719 1027 1807 ipsius
1050 1719 1236 1808 ingenium
1259 1742 1365 1808 quam

197 1825 323 1893 aetatis
346 1837 382 1893 et
405 1826 544 1914 generis
568 1826 748 1916 explanari
772 1838 808 1894 et
830 1826 996 1894 illustrari
1019 1851 1124 1915 posse
1147 1827 1301 1894 arbitror.

303 1937 427 2021 Neque
448 1933 576 2001 iniuria
595 1957 652 2001 me
673 1934 792 2000 hocin
809 1956 921 2022 opere,
938 1936 1031 2021 quod
1048 1936 1091 2000 de
1106 1935 1198 2001 bello
1215 1933 1365 2019 Judaico

198 2041 404 2127 composuit,
441 2064 517 2108 esse
543 2052 730 2126 versatum,
760 2041 862 2108 facile
893 2065 936 2108 ex
967 2064 1008 2108 eo
1040 2053 1157 2129 potest
1189 2040 1365 2128 cognosci,

196 2149 289 2234 quod
321 2149 414 2234 apud
439 2149 592 2215 Graecos
624 2159 660 2214 et
684 2151 863 2215 Romanos
893 2150 950 2214 lex
983 2147 1043 2215 illa
1077 2148 1256 2237 proposita
1288 2157 1364 2214 erat

195 2277 334 2320 summa
366 2266 471 2342 atque
494 2256 679 2342 praeclara,
703 2278 773 2342 qua
795 2277 859 2322 sua
883 2255 1009 2342 cuique
1032 2255 1127 2342 operi
1151 2267 1187 2322 et
1210 2260 1284 2323 εἴδει
1299 2257 1364 2321 lor·

196 2383 262 2445 ma,
291 2384 355 2428 sua
383 2385 506 2428 norma
533 2373 609 2428 erat
635 2360 862 2450 praescripta3
891 2363 1066 2448 quomodo
1094 2361 1143 2446 lit,
1168 2373 1208 2429 ut
1230 2362 1364 2448 reliqua

196 2491 301 2554 opera
322 2468 469 2555 Josephi
493 2469 562 2535 alio
586 2480 795 2556 argumento
819 2469 920 2535 aliter
936 2480 971 2535 et
987 2470 1091 2535 rebus
1107 2480 1143 2536 et
1159 2467 1274 2536 verbis
1290 2467 1363 2534 sint

195 2575 397 2662 composita,
425 2577 524 2642 velut
551 2574 630 2641 libri
654 2587 775 2642 contra
797 2575 971 2662 Apionem
995 2575 1123 2662 scripti,
1148 2577 1191 2642 de
1214 2597 1362 2663 quorum

195 2704 325 2768 genere
353 2693 389 2748 et
416 2693 626 2769 argumento
650 2704 730 2749 cum
764 2681 823 2748 alii
852 2693 928 2749 turn
952 2683 1125 2749 nonnulla
1147 2705 1242 2749 nunc
1266 2683 1362 2750 Gell-

198 2787 344 2855 ckenius
368 2787 611 2873 (Griechische
638 2791 859 2876 Apologeten
883 2813 914 2877 p.
940 2791 1264 2874 XXIX-XXXII)
1294 2787 1362 2855 dis·

195 2906 420 2982 putaverunt,
444 2907 506 2963 aut
520 2899 589 2982 βίος
604 2886 759 2982 Ἰωσήπου
776 2907 838 2963 aut
853 2894 1093 2982 Antiquitates
1109 2917 1199 2981 quae
1215 2917 1361 2961 numero

192 3001 361 3069 librorum
390 3015 425 3070 et
441 3003 545 3070 titulo
559 3002 769 3088 Dionysium
786 3003 1077 3070 Halicarnaseum
1094 3014 1178 3069 sunt
1193 3001 1375 3069 imitatae·

300 3111 443 3196 Μίμησις
472 3120 599 3194 autem,
632 3121 673 3177 ut
699 3111 791 3177 hanc
819 3108 1059 3198 quaestionem
1088 3108 1124 3175 in
1149 3131 1360 3196 unoquoque

196 3215 363 3304 scriptore
386 3216 493 3283 huius
516 3216 642 3284 aetatis
658 3216 895 3284 disserendam
915 3216 1068 3283 breviter
1083 3237 1359 3298 commemorem,

193 3335 353 3393 versatur
384 3323 421 3390 in
450 3322 601 3411 singulis
624 3322 875 3412 Thucydidis2)
899 3321 1218 3410 Demosthenisque
1227 3323 1250 3410 ³)
1274 3321 1359 3389 locis

192 3430 484 3518 dictionibusque,
500 3453 588 3518 quas
603 3430 730 3498 idoneo
747 3432 822 3497 loco
835 3452 1047 3518 quamquam
1060 3428 1227 3497 adnotavi
1241 3439 1356 3497 tamen

193 3540 390 3606 cavendum
418 3560 494 3606 esse
521 3537 693 3624 existimo,
720 3560 766 3605 ne
793 3536 942 3604 nimium
965 3541 1093 3623 μιμήσει
1116 3537 1357 3621 attribuamus,

302 3736 327 3822 ¹)
351 3741 464 3799 Contra
476 3740 583 3817 Apion.
594 3741 609 3797 1
621 3738 677 3801 53:
698 3736 818 3820 φαῦλοι
835 3736 871 3800 δέ
885 3758 965 3805 τινες
980 3736 1162 3818 ἅνθρωποι
1180 3734 1358 3818 διαβάλλειν

190 3849 255 3911 μου
288 3827 344 3909 τὴν
381 3822 523 3913 ἱστορίαν
560 3827 796 3909 ἐπιχειρήκασιν
828 3825 936 3910 ὥσπερ
974 3824 1008 3888 ἐν
1045 3825 1143 3908 σχολῇ
1179 3820 1359 3907 μειρακίων

189 3916 361 4000 γύμνασμα
383 3920 584 4002 προκεῖσθαι
605 3916 790 3999 νομίζοντες.

299 4008 325 4084 ²)
347 4007 384 4066 cl.
409 4009 535 4075 Drsrner‚
559 4009 738 4066 Untersuch.
753 4026 788 4065 ru
805 4006 867 4083 Jos.
883 4006 971 4074 Dios„
994 4006 1136 4082 Marbnrg
1155 4003 1249 4068 1896.
1274 4005 1357 4082 Kap.

193 4098 206 4157 l
233 4099 295 4175 Jos.
319 4100 363 4155 als
387 4097 579 4156 Nachabmer
602 4098 656 4155 des
678 4097 793 4172 Thucy.

300 4181 328 4269 ³)
351 4186 389 4245 cf.
404 4187 503 4245 index.

1251 4319 1306 4378 1‘.
