3120 4958
663 274 880 335 ..41-

298 482 394 550 Flori
418 482 499 572 epit
527 489 584 568 1,2.
619 493 673 551 tot
695 481 733 548 in
757 478 921 569 periculis
943 479 1096 565 populus
1114 481 1297 545 Romanus
1319 477 1367 544 ia-

184 591 405 678 boribusque
420 589 572 657 iactatus
593 600 704 657 estut
720 591 764 656 ad
781 588 1071 657 constituendum
1087 586 1164 654 eius
1179 586 1368 675 imperium

186 697 415 766 contendisse
438 697 561 767 Virtus
585 708 621 764 et
645 698 804 764 Fortuna
827 695 1022 764 videantur.

300 895 405 978 Quod
440 895 557 960 adhuc
584 916 629 960 ex
652 915 756 980 opere
777 891 925 979 Josephi
950 891 1063 975 attuli,
1098 890 1299 978 pertinebat
1323 891 1367 956 ad

189 1024 246 1069 res
271 1012 307 1068 et
330 1022 447 1067 rerum
463 1000 730 1068 exornationem
746 1011 782 1066 et
798 997 1078 1086 dispositionem3
1102 1020 1198 1064 nunc
1220 1020 1304 1066 vero
1322 998 1367 1064 ad

577 1215 862 1298 descriptionem
886 1214 982 1282 vitae

189 1378 402 1444 morumque
418 1367 639 1424 transeamus
655 1378 785 1439 eorum,
802 1377 889 1442 quos
906 1356 1118 1422 excellentes
1134 1364 1170 1421 et
1184 1352 1368 1421 mentione

193 1463 325 1551 dignos
348 1486 425 1530 esse
447 1462 596 1550 putavit.

300 1572 418 1657 Atque
442 1580 483 1637 ut
505 1570 659 1657 primum
681 1580 868 1657 praecepta
883 1579 1043 1637 veterum
1067 1566 1284 1656 perspiciam,
1307 1571 1366 1652 Jo-

191 1677 294 1764 sephi
319 1699 434 1764 genus
458 1676 597 1744 dicendi
621 1680 807 1762 conferam,
831 1674 942 1743 rarius
966 1675 1053 1742 illud
1077 1676 1233 1744 Senecae
1253 1677 1368 1742 obser·

191 1807 296 1851 vasse
320 1783 473 1852 videtur:

301 1913 392 1958 suas.
422 1896 504 1975 621.
552 1893 705 1979 quotiens
743 1892 866 1978 magni
902 1892 1056 1956 alicuius
1093 1892 1166 1956 viri
1201 1913 1290 1956 mors
1328 1891 1368 1955 ab

184 1999 365 2063 Ju'storicir
396 2004 543 2064 norrolo
571 2004 629 2072 est,
660 2000 755 2065 toties
778 2001 853 2078 fere
881 1999 1124 2064 consummatio
1152 1999 1254 2063 totius
1281 1998 1370 2063 vr'toc

192 2111 228 2171 ct
255 2106 356 2191 quasi
369 2087 536 2191 funebris
564 2107 720 2170 laudatio
747 2107 916 2173 redditur.
951 2107 1012 2170 hoc
1033 2106 1139 2170 scnrcl
1157 2110 1221 2170 aut
1243 2105 1369 2169 c'tcrum

190 2235 215 2275 a
243 2212 437 2298 Thucydide
459 2214 598 2297 facturn
633 2213 670 2277 in
699 2213 919 2299 paucissimis
941 2213 1095 2298 personis
1118 2217 1325 2298 usurpatum
1348 2233 1370 2275 o

190 2319 364 2383 Sallustio
395 2321 429 2384 T.
453 2320 577 2384 Liuius
605 2320 787 2406 benignius
814 2320 970 2384 omnibus
998 2320 1135 2405 magnis
1162 2320 1244 2384 viris
1269 2327 1369 2406 proc·

192 2425 293 2490 stitit.
316 2431 494 2510 sequentes
508 2427 666 2491 historici
678 2427 787 2491 mullo
804 2428 845 2491 id
857 2427 998 2514 effusius
1008 2428 1192 2512 fecerunt·
1214 2425 1373 2492 Ciceroni

191 2533 256 2597 hoc
277 2537 319 2597 ul
347 2533 474 2597 Gracco
496 2533 594 2598 verbo
616 2539 698 2598 utor
720 2530 892 2624 ἐπιτάφιον
914 2534 1039 2598 Livius
1063 2534 1255 2619 redordiri)

303 2639 490 2722 Quomodo
524 2637 568 2705 tit
602 2650 643 2706 ut
676 2662 870 2727 quamqum
904 2639 1050 2706 urbibus
1085 2638 1196 2726 captis
1229 2637 1369 2725 saepius

187 2743 362 2830 adiungit
384 2743 545 2832 epilogos
568 2746 623 2833 (ci.
647 2768 679 2833 p.
704 2748 770 2833 32),
799 2758 916 2814 tamen
946 2769 1135 2813 enumero
1164 2768 1285 2813 eorum
1309 2744 1369 2832 qui

193 2861 399 2939 pugnantes
422 2851 554 2939 primas
577 2864 695 2940 partes
711 2854 874 2940 agebant,
898 2853 1076 2921 interdum
1100 2852 1233 2940 pugnis
1249 2852 1370 2938 singu-

192 2955 328 3024 laribus
345 2958 522 3042 confectis,
539 2981 611 3026 uno
626 2960 703 3026 loco
719 2971 838 3027 autem
855 2961 993 3027 duobus
1009 2959 1249 3027 sacerdotibus
1265 2958 1370 3026 inter-

192 3063 298 3130 iectis
321 3064 393 3152 (IV,
417 3066 503 3153 318),
527 3076 568 3131 ut
589 3065 790 3151 Polybianis
814 3066 929 3134 verbis
950 3078 1030 3134 utar
1052 3071 1140 3152 (Leo
1163 3069 1183 3133 i.
1199 3067 1221 3135 l.
1243 3090 1275 3154 p.
1293 3065 1370 3155 249)

191 3174 442 3256 iruncrootircorc
463 3174 518 3238 noi
540 3176 811 3247 ἕπιόιόάσκοντας
833 3177 949 3258 λόγους
975 3172 1112 3240 adiciat

304 3277 527 3365 Explicatius
551 3290 671 3347 autem
694 3291 730 3347 et
753 3281 958 3364 accuratius,
983 3281 1012 3346 si
1033 3279 1159 3348 omitto
1183 3279 1371 3346 nationum

193 3382 459 3471 descriptiones,
494 3409 643 3474 quarum
677 3398 841 3455 naturam
869 3388 1111 3474 rationemque
1146 3386 1287 3474 saepius
1314 3410 1371 3454 ex·

191 3490 426 3578 planantibus
441 3494 558 3560 verbis
574 3497 712 3578 notat2),
729 3505 856 3563 tractat
870 3496 1049 3584 Josephus
1065 3507 1101 3561 et
1112 3494 1372 3582 Vespasianum

309 3693 332 3769 ¹)
368 3694 405 3752 ct.
432 3693 511 3765 Leo,
545 3696 747 3771 gnesen-rom.
775 3696 955 3771 Biographie
990 3716 1019 3771 p.
1047 3694 1121 3758 235.
1170 3696 1208 3753 de
1247 3696 1370 3754 scholae

195 3783 465 3841 exercitationibus
494 3785 563 3842 Sen.
587 3785 674 3861 epist
697 3784 749 3851 95,
773 3784 830 3846 65:
865 3785 1031 3843 Posidonius
1056 3787 1100 3843 ait
1126 3786 1219 3843 utr'lem
1238 3787 1371 3859 suturam

192 3880 223 3929 et
256 3871 461 3949 descriptionem
495 3875 625 3950 cur'nsque
658 3875 783 3932 virtutis:
821 3876 894 3932 hanc
931 3873 1095 3952 ethologian
1131 3883 1221 3944 vocat,
1255 3873 1371 3950 quidam

191 3960 425 4042 characten'snron
449 3962 599 4038 appellunt,
625 3963 707 4039 signo
730 3965 859 4039 cuiusque
881 3964 990 4021 or'rlutis
1012 3983 1046 4020 oc
1068 3964 1134 4021 oe'iii
1157 3972 1183 4021 et
1208 3972 1288 4021 notos
1311 3961 1371 4019 red·

191 4049 305 4107 dentem
327 4049 427 4127 quibus
449 4051 523 4108 inin
541 4071 569 4109 se
589 4052 696 4110 similia
719 4052 951 4111 discriminentur.

307 4137 330 4214 ²)
355 4138 393 4197 cs.
417 4139 455 4198 de
479 4159 591 4216 genere
607 4141 748 4207 Wolfflin,
761 4142 870 4200 Archiv
886 4141 931 4199 fin
946 4143 997 4198 iat
1013 4140 1252 4217 Lexikogr.X11,
1274 4159 1304 4216 p.
1320 4139 1373 4202 26.
