<?xml version="1.0" encoding="UTF-8"?>
<!DOCTYPE html PUBLIC "-//W3C//DTD XHTML 1.0 Transitional//EN"
    "http://www.w3.org/TR/xhtml1/DTD/xhtml1-transitional.dtd">
<html xmlns="http://www.w3.org/1999/xhtml" xml:lang="en" lang="en">
 <head>
  <title>
</title>
<meta http-equiv="Content-Type" content="text/html;charset=utf-8" />
  <meta name='ocr-system' content='tesseract 3.04.00' />
  <meta name='ocr-capabilities' content='ocr_page ocr_carea ocr_par ocr_line ocrx_word'/>
</head>
<body>
  <div class='ocr_page' id='page_1' title='image "./deflaviiiosephi01wolfgoog_0063.png"; bbox 0 0 3120 4958; ppageno 0'>
   <div class='ocr_carea' id='block_1_1' title="bbox 754 333 975 398">
    <p class='ocr_par' dir='ltr' id='par_1_1' title="bbox 754 333 975 398">
     <span class='ocr_line' id='line_1_1' title="bbox 754 333 975 398; baseline 0 -18"><span class='ocrx_word' id='word_1_1' title='bbox 754 333 975 398; x_wconf 67' lang='lat'>..55-</span> 
     </span>
    </p>
   </div>
   <div class='ocr_carea' id='block_1_2' title="bbox 281 539 1466 739">
    <p class='ocr_par' dir='ltr' id='par_1_2' title="bbox 281 539 1466 739">
     <span class='ocr_line' id='line_1_2' title="bbox 282 539 1466 633; baseline -0.003 -22"><span class='ocrx_word' id='word_1_2' title='bbox 282 543 485 612; x_wconf 85' lang='lat' dir='ltr'>testimonia</span> <span class='ocrx_word' id='word_1_3' title='bbox 519 545 670 613; x_wconf 81' lang='lat' dir='ltr'>doceant</span> <span class='ocrx_word' id='word_1_4' title='bbox 704 566 794 633; x_wconf 85' lang='lat' dir='ltr'>quae</span> <span class='ocrx_word' id='word_1_5' title='bbox 828 541 1031 613; x_wconf 90' lang='lat' dir='ltr'>Schmidius</span> <span class='ocrx_word' id='word_1_6' title='bbox 1058 541 1281 626; x_wconf 84' lang='lat' dir='ltr'>(Atticismus</span> <span class='ocrx_word' id='word_1_7' title='bbox 1309 539 1466 630; x_wconf 72' lang='lat' dir='ltr'>passim)</span> 
     </span>
     <span class='ocr_line' id='line_1_3' title="bbox 281 649 1280 739; baseline -0.003 -21"><span class='ocrx_word' id='word_1_8' title='bbox 281 652 386 718; x_wconf 81' lang='lat' dir='ltr'>affert</span> <span class='ocrx_word' id='word_1_9' title='bbox 409 662 445 718; x_wconf 94' lang='lat' dir='ltr'>et</span> <span class='ocrx_word' id='word_1_10' title='bbox 468 650 625 739; x_wconf 79' lang='lat' dir='ltr'>Longini</span> <span class='ocrx_word' id='word_1_11' title='bbox 649 651 749 718; x_wconf 89' lang='lat' dir='ltr'>illud:</span> <span class='ocrx_word' id='word_1_12' title='bbox 775 655 791 717; x_wconf 94' lang='lat'>1</span> <span class='ocrx_word' id='word_1_13' title='bbox 815 673 846 738; x_wconf 87' lang='lat' dir='ltr'>p.</span> <span class='ocrx_word' id='word_1_14' title='bbox 863 655 927 718; x_wconf 87' lang='grc'>308</span> <span class='ocrx_word' id='word_1_15' title='bbox 954 651 1059 718; x_wconf 89' lang='lat' dir='ltr'>Rhet.</span> <span class='ocrx_word' id='word_1_16' title='bbox 1076 651 1137 717; x_wconf 87' lang='lat' dir='ltr'>Gr.</span> <span class='ocrx_word' id='word_1_17' title='bbox 1153 650 1205 716; x_wconf 89' lang='lat' dir='ltr'>ed.</span> <span class='ocrx_word' id='word_1_18' title='bbox 1220 649 1280 737; x_wconf 89' lang='lat' dir='ltr'>Sp.</span> 
     </span>
    </p>
   </div>
   <div class='ocr_carea' id='block_1_3' title="bbox 280 775 1466 1078">
    <p class='ocr_par' dir='ltr' id='par_1_3' title="bbox 280 775 1466 1078">
     <span class='ocr_line' id='line_1_4' title="bbox 388 775 1465 862; baseline -0.001 -20"><span class='ocrx_word' id='word_1_19' title='bbox 388 780 436 844; x_wconf 79' lang='grc' dir='ltr'>ἔτι</span> <span class='ocrx_word' id='word_1_20' title='bbox 461 779 495 842; x_wconf 74' lang='lat' dir='ltr'>tii</span> <span class='ocrx_word' id='word_1_21' title='bbox 518 779 571 844; x_wconf 78' lang='grc' dir='ltr'>καὶ</span> <span class='ocrx_word' id='word_1_22' title='bbox 592 778 675 862; x_wconf 79' lang='grc' dir='ltr'><strong><em>πρὸς</em></strong></span> <span class='ocrx_word' id='word_1_23' title='bbox 696 776 822 849; x_wconf 84' lang='grc' dir='ltr'><strong><em>τοότοις</em></strong></span> <span class='ocrx_word' id='word_1_24' title='bbox 844 781 863 862; x_wconf 77' lang='grc' dir='ltr'>ἡ</span> <span class='ocrx_word' id='word_1_25' title='bbox 885 779 1063 862; x_wconf 74' lang='grc' dir='ltr'><em>μετάθεσις</em></span> <span class='ocrx_word' id='word_1_26' title='bbox 1084 782 1152 842; x_wconf 84' lang='grc' dir='ltr'>τῶν</span> <span class='ocrx_word' id='word_1_27' title='bbox 1175 775 1359 859; x_wconf 59' lang='grc' dir='ltr'><strong><em>όαγομένοιν</em></strong></span> <span class='ocrx_word' id='word_1_28' title='bbox 1383 777 1465 841; x_wconf 83' lang='grc' dir='ltr'><strong><em>ὅταν</em></strong></span> 
     </span>
     <span class='ocr_line' id='line_1_5' title="bbox 282 881 1466 971; baseline -0.003 -21"><span class='ocrx_word' id='word_1_29' title='bbox 282 892 341 968; x_wconf 82' lang='grc' dir='ltr'>τῆς</span> <span class='ocrx_word' id='word_1_30' title='bbox 363 886 529 969; x_wconf 76' lang='grc' dir='ltr'><strong><em>συνήθους</em></strong></span> <span class='ocrx_word' id='word_1_31' title='bbox 552 887 664 968; x_wconf 85' lang='grc' dir='ltr'><strong><em>χώρας</em></strong></span> <span class='ocrx_word' id='word_1_32' title='bbox 691 882 815 968; x_wconf 80' lang='grc' dir='ltr'><strong><em>κόσμον</em></strong></span> <span class='ocrx_word' id='word_1_33' title='bbox 837 881 1013 969; x_wconf 80' lang='grc' dir='ltr'><strong><em>περιότττῃ.</em></strong></span> <span class='ocrx_word' id='word_1_34' title='bbox 1048 884 1105 952; x_wconf 89' lang='lat' dir='ltr'>Ex</span> <span class='ocrx_word' id='word_1_35' title='bbox 1129 903 1234 971; x_wconf 89' lang='lat' dir='ltr'>opere</span> <span class='ocrx_word' id='word_1_36' title='bbox 1257 891 1379 948; x_wconf 85' lang='lat' dir='ltr'>autem</span> <span class='ocrx_word' id='word_1_37' title='bbox 1401 885 1466 966; x_wconf 88' lang='lat' dir='ltr'>Jo-</span> 
     </span>
     <span class='ocr_line' id='line_1_6' title="bbox 280 988 1108 1078; baseline 0 -22"><span class='ocrx_word' id='word_1_38' title='bbox 280 988 383 1078; x_wconf 87' lang='lat' dir='ltr'>sephi</span> <span class='ocrx_word' id='word_1_39' title='bbox 408 1012 576 1057; x_wconf 90' lang='lat' dir='ltr'>enumero</span> <span class='ocrx_word' id='word_1_40' title='bbox 599 991 688 1058; x_wconf 86' lang='lat' dir='ltr'>haec</span> <span class='ocrx_word' id='word_1_41' title='bbox 710 991 872 1077; x_wconf 88' lang='lat' dir='ltr'>exempla</span> <span class='ocrx_word' id='word_1_42' title='bbox 895 992 1108 1077; x_wconf 80' lang='lat' dir='ltr'>formasque:</span> 
     </span>
    </p>
   </div>
   <div class='ocr_carea' id='block_1_4' title="bbox 246 1129 1467 1841">
    <p class='ocr_par' dir='ltr' id='par_1_4' title="bbox 246 1129 1467 1542">
     <span class='ocr_line' id='line_1_7' title="bbox 395 1129 1465 1222; baseline 0 -24"><span class='ocrx_word' id='word_1_43' title='bbox 395 1132 427 1220; x_wconf 92' lang='lat'>1)</span> <span class='ocrx_word' id='word_1_44' title='bbox 450 1131 487 1199; x_wconf 93' lang='lat' dir='ltr'>in</span> <span class='ocrx_word' id='word_1_45' title='bbox 511 1131 585 1199; x_wconf 80' lang='lat' dir='ltr'>fine</span> <span class='ocrx_word' id='word_1_46' title='bbox 611 1131 787 1200; x_wconf 92' lang='lat' dir='ltr'>enuntiati</span> <span class='ocrx_word' id='word_1_47' title='bbox 811 1135 867 1201; x_wconf 92' lang='lat' dir='ltr'>vel</span> <span class='ocrx_word' id='word_1_48' title='bbox 890 1131 1024 1222; x_wconf 90' lang='lat' dir='ltr'>periodi</span> <span class='ocrx_word' id='word_1_49' title='bbox 1057 1143 1156 1199; x_wconf 87' lang='lat' dir='ltr'>extra</span> <span class='ocrx_word' id='word_1_50' title='bbox 1188 1129 1356 1215; x_wconf 87' lang='lat' dir='ltr'><strong>ordinem,</strong></span> <span class='ocrx_word' id='word_1_51' title='bbox 1389 1154 1465 1219; x_wconf 91' lang='lat' dir='ltr'>quo</span> 
     </span>
     <span class='ocr_line' id='line_1_8' title="bbox 281 1229 1467 1327; baseline 0 -22"><span class='ocrx_word' id='word_1_52' title='bbox 281 1238 495 1306; x_wconf 86' lang='lat' dir='ltr'>eminentior</span> <span class='ocrx_word' id='word_1_53' title='bbox 523 1262 578 1307; x_wconf 90' lang='lat' dir='ltr'>res</span> <span class='ocrx_word' id='word_1_54' title='bbox 606 1239 679 1323; x_wconf 83' lang='lat' dir='ltr'>fiat,</span> <span class='ocrx_word' id='word_1_55' title='bbox 712 1261 841 1307; x_wconf 87' lang='lat' dir='ltr'>nomen</span> <span class='ocrx_word' id='word_1_56' title='bbox 875 1239 1052 1327; x_wconf 88' lang='lat' dir='ltr'>proprium</span> <span class='ocrx_word' id='word_1_57' title='bbox 1083 1238 1227 1327; x_wconf 89' lang='lat' dir='ltr'>ponitur</span> <span class='ocrx_word' id='word_1_58' title='bbox 1258 1241 1327 1305; x_wconf 77' lang='lat'>1³.</span> <span class='ocrx_word' id='word_1_59' title='bbox 1385 1229 1467 1306; x_wconf 84' lang='grc' dir='ltr'><strong><em>α’νέ-</em></strong></span> 
     </span>
     <span class='ocr_line' id='line_1_9' title="bbox 246 1336 1466 1438; baseline 0.001 -26"><span class='ocrx_word' id='word_1_60' title='bbox 246 1346 264 1377; x_wconf 77' lang='lat'>&#39;</span> <span class='ocrx_word' id='word_1_61' title='bbox 282 1362 408 1434; x_wconf 80' lang='grc' dir='ltr'><strong><em>πεμφα</em></strong></span> <span class='ocrx_word' id='word_1_62' title='bbox 444 1345 597 1435; x_wconf 83' lang='grc' dir='ltr'><strong><em>πρότερον</em></strong></span> <span class='ocrx_word' id='word_1_63' title='bbox 635 1336 873 1438; x_wconf 71' lang='grc' dir='ltr'>ἀφηγήσασθαι</span> <span class='ocrx_word' id='word_1_64' title='bbox 902 1348 1058 1433; x_wconf 83' lang='grc' dir='ltr'><strong><em>Ἰώσηπος</em></strong></span> <span class='ocrx_word' id='word_1_65' title='bbox 1093 1349 1110 1412; x_wconf 87' lang='grc' dir='ltr'>Ι</span> <span class='ocrx_word' id='word_1_66' title='bbox 1147 1350 1223 1414; x_wconf 81' lang='grc'><strong>625.</strong></span> <span class='ocrx_word' id='word_1_67' title='bbox 1274 1337 1466 1430; x_wconf 72' lang='grc' dir='ltr'><strong><em>ἀποκόψας</em></strong></span> 
     </span>
     <span class='ocr_line' id='line_1_10' title="bbox 281 1445 703 1542; baseline 0.002 -23"><span class='ocrx_word' id='word_1_68' title='bbox 281 1455 408 1526; x_wconf 78' lang='grc' dir='ltr'><strong><em>ἐλπίδας</em></strong></span> <span class='ocrx_word' id='word_1_69' title='bbox 431 1445 472 1520; x_wconf 73' lang='grc' dir='ltr'>δι’</span> <span class='ocrx_word' id='word_1_70' title='bbox 491 1456 703 1542; x_wconf 75' lang='grc' dir='ltr'><strong><em>Ἀντίπατρον,</em></strong></span> 
     </span>
    </p>

    <p class='ocr_par' dir='ltr' id='par_1_5' title="bbox 279 1549 1465 1841">
     <span class='ocr_line' id='line_1_11' title="bbox 388 1549 1465 1650; baseline 0.001 -24"><span class='ocrx_word' id='word_1_71' title='bbox 388 1571 451 1626; x_wconf 87' lang='lat' dir='ltr'>aut</span> <span class='ocrx_word' id='word_1_72' title='bbox 473 1560 670 1626; x_wconf 84' lang='lat' dir='ltr'>subiectum</span> <span class='ocrx_word' id='word_1_73' title='bbox 696 1563 856 1629; x_wconf 83' lang='lat' dir='ltr'>V11288.</span> <span class='ocrx_word' id='word_1_74' title='bbox 903 1562 962 1645; x_wconf 84' lang='grc' dir='ltr'>τὴν</span> <span class='ocrx_word' id='word_1_75' title='bbox 986 1561 1047 1645; x_wconf 85' lang='grc' dir='ltr'>γὰρ</span> <span class='ocrx_word' id='word_1_76' title='bbox 1070 1555 1248 1650; x_wconf 74' lang='grc' dir='ltr'><strong><em>κορυφὴν.</em></strong></span> <span class='ocrx_word' id='word_1_77' title='bbox 1272 1611 1309 1626; x_wconf 89' lang='grc'>..</span> <span class='ocrx_word' id='word_1_78' title='bbox 1339 1549 1465 1646; x_wconf 78' lang='grc' dir='ltr'><strong><em>ἆνῆκεν</em></strong></span> 
     </span>
     <span class='ocr_line' id='line_1_12' title="bbox 280 1665 1464 1755; baseline 0.003 -24"><span class='ocrx_word' id='word_1_79' title='bbox 280 1669 326 1746; x_wconf 83' lang='grc' dir='ltr'>εἰς</span> <span class='ocrx_word' id='word_1_80' title='bbox 349 1670 503 1755; x_wconf 78' lang='grc' dir='ltr'><em>γεωργίαν</em></span> <span class='ocrx_word' id='word_1_81' title='bbox 526 1665 716 1752; x_wconf 76' lang='grc' dir='ltr'><strong><em>όβασιλεός,</em></strong></span> <span class='ocrx_word' id='word_1_82' title='bbox 740 1665 913 1754; x_wconf 86' lang='lat' dir='ltr'><strong>imprimis</strong></span> <span class='ocrx_word' id='word_1_83' title='bbox 934 1665 1159 1734; x_wconf 84' lang='lat' dir='ltr'>substantiva</span> <span class='ocrx_word' id='word_1_84' title='bbox 1182 1668 1359 1734; x_wconf 82' lang='lat' dir='ltr'>abstracta</span> <span class='ocrx_word' id='word_1_85' title='bbox 1376 1689 1464 1734; x_wconf 91' lang='lat' dir='ltr'>cum</span> 
     </span>
     <span class='ocr_line' id='line_1_13' title="bbox 279 1771 653 1841; baseline 0.005 -3"><span class='ocrx_word' id='word_1_86' title='bbox 279 1771 430 1840; x_wconf 88' lang='lat' dir='ltr'>articulo</span> <span class='ocrx_word' id='word_1_87' title='bbox 454 1773 653 1841; x_wconf 87' lang='lat' dir='ltr'>coniuncta.</span> 
     </span>
    </p>
   </div>
   <div class='ocr_carea' id='block_1_5' title="bbox 280 1881 1464 2053">
    <p class='ocr_par' dir='ltr' id='par_1_6' title="bbox 280 1881 1464 2053">
     <span class='ocr_line' id='line_1_14' title="bbox 388 1881 1464 1966; baseline 0.003 -21"><span class='ocrx_word' id='word_1_88' title='bbox 388 1882 423 1945; x_wconf 90' lang='grc' dir='ltr'>ΙΙ</span> <span class='ocrx_word' id='word_1_89' title='bbox 448 1884 521 1946; x_wconf 82' lang='grc'><strong>348.</strong></span> <span class='ocrx_word' id='word_1_90' title='bbox 557 1881 695 1965; x_wconf 85' lang='grc' dir='ltr'><strong><em>περισσὴ</em></strong></span> <span class='ocrx_word' id='word_1_91' title='bbox 720 1882 808 1964; x_wconf 79' lang='grc' dir='ltr'><strong><em>πρὸς</em></strong></span> <span class='ocrx_word' id='word_1_92' title='bbox 829 1881 903 1960; x_wconf 75' lang='grc' dir='ltr'><strong><em>τοὺς</em></strong></span> <span class='ocrx_word' id='word_1_93' title='bbox 925 1882 1083 1966; x_wconf 78' lang='grc' dir='ltr'><strong><em>ἡγεμόνας</em></strong></span> <span class='ocrx_word' id='word_1_94' title='bbox 1109 1883 1129 1965; x_wconf 76' lang='grc' dir='ltr'><em>ἦ</em></span> <span class='ocrx_word' id='word_1_95' title='bbox 1150 1884 1277 1966; x_wconf 80' lang='grc' dir='ltr'><strong><em>μέμψις</em></strong></span> <span class='ocrx_word' id='word_1_96' title='bbox 1300 1931 1307 1946; x_wconf 94' lang='grc'><strong>.</strong></span> <span class='ocrx_word' id='word_1_97' title='bbox 1330 1932 1337 1947; x_wconf 91' lang='grc'><em>.</em></span> <span class='ocrx_word' id='word_1_98' title='bbox 1362 1932 1369 1946; x_wconf 94' lang='grc'><strong>.</strong></span> <span class='ocrx_word' id='word_1_99' title='bbox 1395 1890 1464 1948; x_wconf 85' lang='lat' dir='ltr'>aut</span> 
     </span>
     <span class='ocr_line' id='line_1_15' title="bbox 280 1984 461 2053; baseline -0.006 0"><span class='ocrx_word' id='word_1_100' title='bbox 280 1984 461 2053; x_wconf 89' lang='lat' dir='ltr'>adverbia:</span> 
     </span>
    </p>
   </div>
   <div class='ocr_carea' id='block_1_6' title="bbox 389 2083 1462 2179">
    <p class='ocr_par' dir='ltr' id='par_1_7' title="bbox 389 2083 1462 2179">
     <span class='ocr_line' id='line_1_16' title="bbox 389 2083 1462 2179; baseline 0.001 -19"><span class='ocrx_word' id='word_1_101' title='bbox 389 2095 523 2160; x_wconf 82' lang='lat' dir='ltr'>v1156.</span> <span class='ocrx_word' id='word_1_102' title='bbox 612 2083 772 2179; x_wconf 68' lang='grc' dir='ltr'>ἀπεχθῶς.</span> <span class='ocrx_word' id='word_1_103' title='bbox 797 2097 916 2163; x_wconf 73' lang='grc' dir='ltr'><strong><em>νινε.</em></strong></span> <span class='ocrx_word' id='word_1_104' title='bbox 1003 2098 1123 2161; x_wconf 65' lang='grc' dir='ltr'>αὐτίκα.</span> <span class='ocrx_word' id='word_1_105' title='bbox 1159 2097 1263 2160; x_wconf 82' lang='lat'>1479.</span> <span class='ocrx_word' id='word_1_106' title='bbox 1287 2093 1462 2178; x_wconf 57' lang='grc' dir='ltr'>σκαιῶς.</span> 
     </span>
    </p>
   </div>
   <div class='ocr_carea' id='block_1_7' title="bbox 281 2217 1461 2846">
    <p class='ocr_par' dir='ltr' id='par_1_8' title="bbox 282 2217 1461 2411">
     <span class='ocr_line' id='line_1_17' title="bbox 389 2217 1461 2308; baseline 0.003 -25"><span class='ocrx_word' id='word_1_107' title='bbox 389 2219 421 2304; x_wconf 88' lang='grc'>2)</span> <span class='ocrx_word' id='word_1_108' title='bbox 445 2217 614 2284; x_wconf 82' lang='lat' dir='ltr'><strong>articulus</strong></span> <span class='ocrx_word' id='word_1_109' title='bbox 649 2229 685 2285; x_wconf 90' lang='lat' dir='ltr'>et</span> <span class='ocrx_word' id='word_1_110' title='bbox 719 2218 984 2287; x_wconf 90' lang='lat' dir='ltr'>substantivum</span> <span class='ocrx_word' id='word_1_111' title='bbox 1022 2217 1230 2308; x_wconf 90' lang='lat' dir='ltr'>interposito</span> <span class='ocrx_word' id='word_1_112' title='bbox 1268 2217 1461 2286; x_wconf 88' lang='lat' dir='ltr'>enuntiato</span> 
     </span>
     <span class='ocr_line' id='line_1_18' title="bbox 282 2335 498 2411; baseline 0 -21"><span class='ocrx_word' id='word_1_113' title='bbox 282 2335 498 2411; x_wconf 86' lang='lat' dir='ltr'>separantur.</span> 
     </span>
    </p>

    <p class='ocr_par' dir='ltr' id='par_1_9' title="bbox 282 2421 1461 2623">
     <span class='ocr_line' id='line_1_19' title="bbox 387 2421 1461 2518; baseline 0.003 -22"><span class='ocrx_word' id='word_1_114' title='bbox 387 2431 509 2497; x_wconf 80' lang='lat'><strong>11346.</strong></span> <span class='ocrx_word' id='word_1_115' title='bbox 544 2433 580 2496; x_wconf 89' lang='grc' dir='ltr'>τὸ</span> <span class='ocrx_word' id='word_1_116' title='bbox 615 2433 708 2518; x_wconf 83' lang='grc' dir='ltr'><strong><em>παρὰ</em></strong></span> <span class='ocrx_word' id='word_1_117' title='bbox 742 2440 806 2498; x_wconf 89' lang='grc' dir='ltr'>τῶν</span> <span class='ocrx_word' id='word_1_118' title='bbox 841 2421 1092 2515; x_wconf 69' lang='grc' dir='ltr'><strong><em>α’σθινεστέραιν,</em></strong></span> <span class='ocrx_word' id='word_1_119' title='bbox 1127 2434 1183 2498; x_wconf 78' lang='grc' dir='ltr'>ἐὰν</span> <span class='ocrx_word' id='word_1_120' title='bbox 1216 2427 1256 2499; x_wconf 73' lang='grc' dir='ltr'>τὰ</span> <span class='ocrx_word' id='word_1_121' title='bbox 1284 2433 1461 2516; x_wconf 72' lang='grc' dir='ltr'><strong><em>πράγματα</em></strong></span> 
     </span>
     <span class='ocr_line' id='line_1_20' title="bbox 282 2537 625 2623; baseline 0.009 -20"><span class='ocrx_word' id='word_1_122' title='bbox 282 2541 428 2623; x_wconf 71' lang='grc' dir='ltr'>συγχυθῇ</span> <span class='ocrx_word' id='word_1_123' title='bbox 450 2537 566 2622; x_wconf 78' lang='grc' dir='ltr'><strong><em>κέρδος</em></strong></span> <span class='ocrx_word' id='word_1_124' title='bbox 588 2549 625 2606; x_wconf 90' lang='lat' dir='ltr'>et</span> 
     </span>
    </p>

    <p class='ocr_par' dir='ltr' id='par_1_10' title="bbox 281 2645 1460 2846">
     <span class='ocr_line' id='line_1_21' title="bbox 388 2645 1460 2736; baseline 0.003 -24"><span class='ocrx_word' id='word_1_125' title='bbox 388 2647 545 2712; x_wconf 83' lang='lat' dir='ltr'>V11406.</span> <span class='ocrx_word' id='word_1_126' title='bbox 581 2647 640 2730; x_wconf 81' lang='grc' dir='ltr'>τὴν</span> <span class='ocrx_word' id='word_1_127' title='bbox 663 2649 696 2712; x_wconf 78' lang='grc' dir='ltr'>ἐν</span> <span class='ocrx_word' id='word_1_128' title='bbox 718 2645 884 2720; x_wconf 74' lang='grc' dir='ltr'><strong><em>τοσούτοις</em></strong></span> <span class='ocrx_word' id='word_1_129' title='bbox 906 2649 1063 2734; x_wconf 77' lang='grc' dir='ltr'><strong><em>ἄτρεπτον</em></strong></span> <span class='ocrx_word' id='word_1_130' title='bbox 1086 2646 1137 2713; x_wconf 77' lang='grc' dir='ltr'>ἐπὶ</span> <span class='ocrx_word' id='word_1_131' title='bbox 1153 2656 1218 2713; x_wconf 77' lang='grc' dir='ltr'>τῶν</span> <span class='ocrx_word' id='word_1_132' title='bbox 1233 2650 1338 2736; x_wconf 80' lang='grc' dir='ltr'><strong><em>ἔργον</em></strong></span> <span class='ocrx_word' id='word_1_133' title='bbox 1353 2649 1460 2715; x_wconf 72' lang='grc' dir='ltr'><strong><em>ἐθαύ-</em></strong></span> 
     </span>
     <span class='ocr_line' id='line_1_22' title="bbox 281 2753 920 2846; baseline 0.008 -29"><span class='ocrx_word' id='word_1_134' title='bbox 281 2776 390 2837; x_wconf 80' lang='grc' dir='ltr'><strong><em>μασαν</em></strong></span> <span class='ocrx_word' id='word_1_135' title='bbox 412 2759 467 2818; x_wconf 86' lang='grc' dir='ltr'>τοῦ</span> <span class='ocrx_word' id='word_1_136' title='bbox 490 2755 642 2820; x_wconf 77' lang='grc' dir='ltr'><strong><em>θανάτου</em></strong></span> <span class='ocrx_word' id='word_1_137' title='bbox 665 2753 920 2846; x_wconf 79' lang='grc' dir='ltr'><strong><em>καταφρόνησιν.</em></strong></span> 
     </span>
    </p>
   </div>
   <div class='ocr_carea' id='block_1_8' title="bbox 280 2875 1459 3050">
    <p class='ocr_par' dir='ltr' id='par_1_11' title="bbox 280 2875 1459 3050">
     <span class='ocr_line' id='line_1_23' title="bbox 388 2875 1459 2966; baseline 0.003 -23"><span class='ocrx_word' id='word_1_138' title='bbox 388 2878 423 2963; x_wconf 86' lang='grc'>3)</span> <span class='ocrx_word' id='word_1_139' title='bbox 446 2879 593 2944; x_wconf 88' lang='lat' dir='ltr'>verbum</span> <span class='ocrx_word' id='word_1_140' title='bbox 621 2889 658 2945; x_wconf 91' lang='lat' dir='ltr'>et</span> <span class='ocrx_word' id='word_1_141' title='bbox 680 2879 878 2946; x_wconf 90' lang='lat' dir='ltr'>subiectum</span> <span class='ocrx_word' id='word_1_142' title='bbox 906 2875 1092 2945; x_wconf 89' lang='lat' dir='ltr'>enuntiato</span> <span class='ocrx_word' id='word_1_143' title='bbox 1120 2876 1329 2966; x_wconf 90' lang='lat' dir='ltr'>interposito</span> <span class='ocrx_word' id='word_1_144' title='bbox 1358 2900 1459 2966; x_wconf 87' lang='lat' dir='ltr'>sepa·</span> 
     </span>
     <span class='ocr_line' id='line_1_24' title="bbox 280 2995 411 3050; baseline 0.015 -2"><span class='ocrx_word' id='word_1_145' title='bbox 280 2995 411 3050; x_wconf 90' lang='lat' dir='ltr'>rantur.</span> 
     </span>
    </p>
   </div>
   <div class='ocr_carea' id='block_1_9' title="bbox 388 3088 1375 3184">
    <p class='ocr_par' dir='ltr' id='par_1_12' title="bbox 388 3088 1375 3184">
     <span class='ocr_line' id='line_1_25' title="bbox 388 3088 1375 3184; baseline 0.005 -28"><span class='ocrx_word' id='word_1_146' title='bbox 388 3093 511 3157; x_wconf 84' lang='lat'>11464.</span> <span class='ocrx_word' id='word_1_147' title='bbox 534 3094 743 3177; x_wconf 80' lang='grc' dir='ltr'><strong><em>προεκαλεῖτο</em></strong></span> <span class='ocrx_word' id='word_1_148' title='bbox 765 3095 815 3159; x_wconf 76' lang='grc' dir='ltr'>ἐπὶ</span> <span class='ocrx_word' id='word_1_149' title='bbox 837 3088 894 3166; x_wconf 79' lang='grc' dir='ltr'><strong><em>τοὶς</em></strong></span> <span class='ocrx_word' id='word_1_150' title='bbox 916 3093 1042 3184; x_wconf 86' lang='grc' dir='ltr'><strong><em>σφαγὰς</em></strong></span> <span class='ocrx_word' id='word_1_151' title='bbox 1156 3097 1175 3179; x_wconf 78' lang='grc' dir='ltr'><strong><em>ἡ</em></strong></span> <span class='ocrx_word' id='word_1_152' title='bbox 1200 3095 1375 3183; x_wconf 75' lang='grc' dir='ltr'><strong><em>φιλοτιμία.</em></strong></span> 
     </span>
    </p>
   </div>
   <div class='ocr_carea' id='block_1_10' title="bbox 274 3214 1459 4260">
    <p class='ocr_par' dir='ltr' id='par_1_13' title="bbox 279 3214 1458 3409">
     <span class='ocr_line' id='line_1_26' title="bbox 344 3214 1458 3306; baseline 0.004 -26"><span class='ocrx_word' id='word_1_153' title='bbox 344 3264 346 3269; x_wconf 82' lang='lat'><em>-</em></span> <span class='ocrx_word' id='word_1_154' title='bbox 388 3220 422 3297; x_wconf 77' lang='lat'>4)</span> <span class='ocrx_word' id='word_1_155' title='bbox 445 3214 710 3283; x_wconf 82' lang='lat' dir='ltr'>substantivum</span> <span class='ocrx_word' id='word_1_156' title='bbox 741 3229 777 3284; x_wconf 93' lang='lat' dir='ltr'>et</span> <span class='ocrx_word' id='word_1_157' title='bbox 803 3217 1015 3286; x_wconf 91' lang='lat' dir='ltr'>attributum</span> <span class='ocrx_word' id='word_1_158' title='bbox 1045 3217 1253 3306; x_wconf 87' lang='lat' dir='ltr'>interposito</span> <span class='ocrx_word' id='word_1_159' title='bbox 1280 3218 1458 3285; x_wconf 87' lang='lat' dir='ltr'>vocabulo</span> 
     </span>
     <span class='ocr_line' id='line_1_27' title="bbox 279 3323 714 3409; baseline -0.002 -18"><span class='ocrx_word' id='word_1_160' title='bbox 279 3331 490 3409; x_wconf 83' lang='lat' dir='ltr'>separantur</span> <span class='ocrx_word' id='word_1_161' title='bbox 513 3332 576 3389; x_wconf 93' lang='lat' dir='ltr'>aut</span> <span class='ocrx_word' id='word_1_162' title='bbox 598 3323 714 3390; x_wconf 88' lang='lat' dir='ltr'>verbo.</span> 
     </span>
    </p>

    <p class='ocr_par' dir='ltr' id='par_1_14' title="bbox 274 3428 1459 4054">
     <span class='ocr_line' id='line_1_28' title="bbox 388 3428 1459 3518; baseline 0.004 -24"><span class='ocrx_word' id='word_1_163' title='bbox 388 3431 467 3496; x_wconf 91' lang='lat'>111.</span> <span class='ocrx_word' id='word_1_164' title='bbox 491 3428 575 3498; x_wconf 76' lang='grc' dir='ltr'><strong><em>νέων</em></strong></span> <span class='ocrx_word' id='word_1_165' title='bbox 597 3430 674 3515; x_wconf 77' lang='grc' dir='ltr'><strong><em>ἦρξε</em></strong></span> <span class='ocrx_word' id='word_1_166' title='bbox 696 3428 851 3516; x_wconf 75' lang='grc' dir='ltr'><strong><em>θορύβων</em></strong></span> <span class='ocrx_word' id='word_1_167' title='bbox 873 3441 937 3498; x_wconf 88' lang='lat' dir='ltr'>aut</span> <span class='ocrx_word' id='word_1_168' title='bbox 959 3431 1168 3518; x_wconf 88' lang='lat' dir='ltr'>pronomine</span> <span class='ocrx_word' id='word_1_169' title='bbox 1189 3433 1343 3504; x_wconf 77' lang='grc' dir='ltr'><strong><em>ποικίλαις</em></strong></span> <span class='ocrx_word' id='word_1_170' title='bbox 1358 3433 1459 3498; x_wconf 81' lang='grc' dir='ltr'><strong><em>αὐτὸν</em></strong></span> 
     </span>
     <span class='ocr_line' id='line_1_29' title="bbox 276 3534 1458 3629; baseline 0.003 -27"><span class='ocrx_word' id='word_1_171' title='bbox 276 3538 456 3621; x_wconf 70' lang='grc' dir='ltr'><strong><em>εὐφημίαις</em></strong></span> <span class='ocrx_word' id='word_1_172' title='bbox 477 3538 544 3602; x_wconf 91' lang='lat'>111</span> <span class='ocrx_word' id='word_1_173' title='bbox 572 3546 635 3604; x_wconf 89' lang='lat' dir='ltr'>aut</span> <span class='ocrx_word' id='word_1_174' title='bbox 658 3537 825 3605; x_wconf 87' lang='lat' dir='ltr'>adverbio</span> <span class='ocrx_word' id='word_1_175' title='bbox 848 3535 934 3619; x_wconf 78' lang='grc' dir='ltr'><strong><em>ἰδίας</em></strong></span> <span class='ocrx_word' id='word_1_176' title='bbox 955 3541 1018 3629; x_wconf 79' lang='grc' dir='ltr'>ἤδη</span> <span class='ocrx_word' id='word_1_177' title='bbox 1041 3541 1163 3628; x_wconf 76' lang='grc' dir='ltr'><strong><em>σάρκας</em></strong></span> <span class='ocrx_word' id='word_1_178' title='bbox 1177 3540 1210 3606; x_wconf 97' lang='lat' dir='ltr'>V</span> <span class='ocrx_word' id='word_1_179' title='bbox 1226 3541 1260 3621; x_wconf 77' lang='lat'>53</span> <span class='ocrx_word' id='word_1_180' title='bbox 1283 3534 1344 3624; x_wconf 89' lang='lat' dir='ltr'>qui</span> <span class='ocrx_word' id='word_1_181' title='bbox 1368 3559 1458 3605; x_wconf 86' lang='lat' dir='ltr'>usus</span> 
     </span>
     <span class='ocr_line' id='line_1_30' title="bbox 276 3641 1457 3732; baseline 0.003 -23"><span class='ocrx_word' id='word_1_182' title='bbox 276 3652 336 3709; x_wconf 90' lang='lat' dir='ltr'>est</span> <span class='ocrx_word' id='word_1_183' title='bbox 351 3661 432 3708; x_wconf 90' lang='lat' dir='ltr'>cum</span> <span class='ocrx_word' id='word_1_184' title='bbox 448 3643 543 3729; x_wconf 89' lang='lat' dir='ltr'>apud</span> <span class='ocrx_word' id='word_1_185' title='bbox 567 3666 689 3711; x_wconf 88' lang='lat' dir='ltr'>omnes</span> <span class='ocrx_word' id='word_1_186' title='bbox 711 3643 922 3732; x_wconf 85' lang='lat' dir='ltr'>posteriores</span> <span class='ocrx_word' id='word_1_187' title='bbox 938 3643 1124 3732; x_wconf 87' lang='lat' dir='ltr'>scriptores</span> <span class='ocrx_word' id='word_1_188' title='bbox 1147 3641 1457 3732; x_wconf 72' lang='lat' dir='ltr'>frequentissimus</span> 
     </span>
     <span class='ocr_line' id='line_1_31' title="bbox 280 3748 1458 3839; baseline 0.003 -23"><span class='ocrx_word' id='word_1_189' title='bbox 280 3748 333 3837; x_wconf 76' lang='lat' dir='ltr'>(ct</span> <span class='ocrx_word' id='word_1_190' title='bbox 357 3748 504 3818; x_wconf 89' lang='lat' dir='ltr'>Schmid</span> <span class='ocrx_word' id='word_1_191' title='bbox 527 3750 736 3818; x_wconf 86' lang='lat' dir='ltr'>Atticismus</span> <span class='ocrx_word' id='word_1_192' title='bbox 760 3755 820 3834; x_wconf 88' lang='lat' dir='ltr'>IV,</span> <span class='ocrx_word' id='word_1_193' title='bbox 843 3774 881 3839; x_wconf 51' lang='lat' dir='ltr'>p.¹</span> <span class='ocrx_word' id='word_1_194' title='bbox 903 3753 979 3839; x_wconf 85' lang='grc'>516)</span> <span class='ocrx_word' id='word_1_195' title='bbox 1009 3762 1086 3818; x_wconf 89' lang='lat' dir='ltr'>tum</span> <span class='ocrx_word' id='word_1_196' title='bbox 1109 3749 1298 3820; x_wconf 88' lang='lat' dir='ltr'>adhibetur</span> <span class='ocrx_word' id='word_1_197' title='bbox 1319 3748 1357 3817; x_wconf 91' lang='lat' dir='ltr'>in</span> <span class='ocrx_word' id='word_1_198' title='bbox 1381 3749 1458 3820; x_wconf 83' lang='lat' dir='ltr'>fine</span> 
     </span>
     <span class='ocr_line' id='line_1_32' title="bbox 279 3857 1458 3947; baseline 0.005 -26"><span class='ocrx_word' id='word_1_199' title='bbox 279 3857 517 3922; x_wconf 88' lang='lat' dir='ltr'>membrorum</span> <span class='ocrx_word' id='word_1_200' title='bbox 540 3869 603 3925; x_wconf 89' lang='lat' dir='ltr'>aut</span> <span class='ocrx_word' id='word_1_201' title='bbox 624 3857 856 3945; x_wconf 87' lang='lat' dir='ltr'>periodorum,</span> <span class='ocrx_word' id='word_1_202' title='bbox 881 3871 921 3927; x_wconf 90' lang='lat' dir='ltr'>ut</span> <span class='ocrx_word' id='word_1_203' title='bbox 940 3859 1050 3947; x_wconf 82' lang='lat' dir='ltr'>longa</span> <span class='ocrx_word' id='word_1_204' title='bbox 1065 3860 1201 3946; x_wconf 87' lang='lat' dir='ltr'>syllaba</span> <span class='ocrx_word' id='word_1_205' title='bbox 1216 3879 1458 3944; x_wconf 87' lang='lat' dir='ltr'>numerusque</span> 
     </span>
     <span class='ocr_line' id='line_1_33' title="bbox 274 3960 843 4054; baseline 0.007 -26"><span class='ocrx_word' id='word_1_206' title='bbox 274 3960 424 4054; x_wconf 81' lang='lat' dir='ltr'>quidam</span> <span class='ocrx_word' id='word_1_207' title='bbox 447 3963 642 4033; x_wconf 89' lang='lat' dir='ltr'>orationem</span> <span class='ocrx_word' id='word_1_208' title='bbox 666 3964 843 4033; x_wconf 88' lang='lat' dir='ltr'>terminet:</span> 
     </span>
    </p>

    <p class='ocr_par' dir='ltr' id='par_1_15' title="bbox 275 4067 1459 4260">
     <span class='ocr_line' id='line_1_34' title="bbox 388 4067 1458 4164; baseline 0.004 -28"><span class='ocrx_word' id='word_1_209' title='bbox 388 4072 522 4138; x_wconf 80' lang='lat'><em>11372.</em></span> <span class='ocrx_word' id='word_1_210' title='bbox 561 4075 638 4157; x_wconf 77' lang='grc' dir='ltr'><strong><em>ὅλην</em></strong></span> <span class='ocrx_word' id='word_1_211' title='bbox 671 4070 890 4150; x_wconf 67' lang='grc' dir='ltr'><strong><em>ἐτιινλόζοντες</em></strong></span> <span class='ocrx_word' id='word_1_212' title='bbox 927 4067 984 4164; x_wconf 75' lang='grc' dir='ltr'>τὴν</span> <span class='ocrx_word' id='word_1_213' title='bbox 1018 4071 1219 4159; x_wconf 74' lang='grc' dir='ltr'><strong><em>οἰκουμένην.</em></strong></span> <span class='ocrx_word' id='word_1_214' title='bbox 1258 4077 1343 4161; x_wconf 88' lang='lat' dir='ltr'>(quo</span> <span class='ocrx_word' id='word_1_215' title='bbox 1376 4072 1458 4140; x_wconf 92' lang='lat' dir='ltr'>loco</span> 
     </span>
     <span class='ocr_line' id='line_1_35' title="bbox 275 4177 1459 4260; baseline 0.003 -17"><span class='ocrx_word' id='word_1_216' title='bbox 275 4198 553 4246; x_wconf 87' lang='lat' dir='ltr'>commemorare</span> <span class='ocrx_word' id='word_1_217' title='bbox 586 4177 674 4245; x_wconf 91' lang='lat' dir='ltr'>mihi</span> <span class='ocrx_word' id='word_1_218' title='bbox 709 4178 813 4248; x_wconf 87' lang='lat' dir='ltr'>liceat</span> <span class='ocrx_word' id='word_1_219' title='bbox 844 4202 923 4247; x_wconf 89' lang='lat' dir='ltr'>non</span> <span class='ocrx_word' id='word_1_220' title='bbox 957 4181 1064 4248; x_wconf 89' lang='lat' dir='ltr'>modo</span> <span class='ocrx_word' id='word_1_221' title='bbox 1098 4179 1274 4248; x_wconf 84' lang='lat' dir='ltr'>adiectiva</span> <span class='ocrx_word' id='word_1_222' title='bbox 1308 4181 1384 4260; x_wconf 81' lang='grc' dir='ltr'><strong><em>ὅλος</em></strong></span> <span class='ocrx_word' id='word_1_223' title='bbox 1419 4190 1459 4248; x_wconf 92' lang='lat' dir='ltr'>et</span> 
     </span>
    </p>
   </div>
   <div class='ocr_carea' id='block_1_11' title="bbox 0 0 1564 4958">
    <p class='ocr_par' dir='ltr' id='par_1_16' title="bbox 0 0 1564 4958">
     <span class='ocr_line' id='line_1_36' title="bbox 0 0 1564 4958; baseline 0 0"><span class='ocrx_word' id='word_1_224' title='bbox 0 0 1564 4958; x_wconf 95' lang='lat' dir='ltr'> </span> 
     </span>
    </p>
   </div>
  </div>
 </body>
</html>
