3120 4958
770 339 987 402 ..36-

292 546 456 615 nuissent
488 546 643 635 primum
670 549 858 615 clamorem
885 559 992 635 atque
1019 546 1195 634 impetum
1224 549 1473 613 Romanorum

293 677 355 742 per
385 655 520 742 aliquot
551 653 622 721 iam
652 678 764 722 annos
795 653 890 723 vinci
924 653 1061 722 adsueti
1094 653 1132 720 ni
1165 653 1344 740 potentior
1380 651 1478 719 alius

293 773 410 830 metus
434 760 591 829 insidens
616 786 636 828 a
659 764 746 849 fuga
768 761 942 830 retineret
954 763 978 850 ¹)

402 886 434 975 5)
481 885 653 953 auxilium
674 886 730 954 dei
747 890 879 954 111293
896 887 976 967 θεὸς
992 889 1030 972 ἦν
1046 890 1107 974 ἄρα
1119 916 1155 945 ω
1168 889 1219 954 IV
1235 891 1309 969 573,
1331 888 1384 954 IV
1400 890 1480 968 104,

295 997 346 1064 IV
359 998 433 1077 370,
450 997 505 1059 III
523 999 597 1078 494,
621 997 673 1062 IV
689 999 739 1060 26.
768 992 890 1062 θύελλα
907 992 1071 1080 δαιμόνιος
1088 997 1139 1062 IV
1155 998 1197 1059 76
1218 1022 1253 1051 ω
1276 996 1475 1061 V1131849‚

403 1121 434 1207 6)
480 1120 567 1185 urbe
587 1130 793 1206 expugnata
816 1130 879 1186 aut
901 1140 1025 1207 pugna
1049 1120 1217 1184 confecta.

402 1228 519 1295 V111.
553 1221 658 1311 ἐπειδή
697 1218 726 1292 d'
755 1231 830 1293 οὔτε
866 1225 1012 1316 φονεύειν
1050 1229 1125 1293 οὔτε
1163 1223 1352 1310 διαρπάζειν
1390 1227 1481 1308 εἶχεν

296 1337 316 1419 ἡ
340 1328 472 1417 στρατιὰ
500 1330 641 1401 πάντων
667 1339 738 1405 τοῖς
760 1336 884 1418 θυμοῖς
906 1330 1165 1400 καταλειπόντων
1188 1361 1223 1390 ω
1247 1329 1324 1403 Liv.
1343 1336 1396 1415 31,
1420 1335 1476 1414 26,

300 1445 339 1506 13
363 1451 550 1527 postquam
574 1462 645 1506 non
671 1439 818 1506 tamira
842 1449 917 1506 erat
939 1437 1068 1505 satiata
1091 1461 1198 1525 quam
1222 1437 1294 1505 irae
1309 1460 1479 1504 exercen-

297 1548 363 1614 dae
385 1545 533 1614 materia
557 1547 685 1631 deerat,
709 1558 744 1613 et
768 1545 843 1618 Liv.
862 1550 913 1629 22,
937 1551 989 1629 59,
1012 1551 1031 1611 8
1055 1568 1121 1612 nec
1139 1565 1367 1632 supersumus
1383 1566 1484 1631 pug-

297 1676 365 1721 nae
387 1653 456 1720 nisi
484 1653 520 1720 in
545 1652 673 1740 quibus
697 1652 914 1719 trucidandis
942 1664 978 1719 et
1000 1654 1132 1718 ferrum
1156 1665 1192 1719 et
1214 1651 1306 1719 vires
1329 1652 1476 1718 hostem

298 1761 493 1827 defuerunt
527 1758 740 1848 (Morawski
756 1759 921 1826 Zeitschr.
938 1760 995 1826 ffir
1010 1758 1067 1825 die
1084 1761 1202 1826 dsterr.
1221 1760 1349 1844 Gymn.
1367 1759 1481 1848 1893.)

407 1885 438 1972 7)
485 1896 568 1951 ante
603 1886 745 1951 caedem
780 1889 850 1952 οὔτε
883 1888 985 1977 φειδὼ
1023 1884 1121 1971 εἰσῄει
1154 1881 1247 1965 τινὸς
1281 1888 1351 1951 οὔτε
1385 1886 1483 1964 ἔλεος

299 1993 354 2058 III
372 1995 435 2057 329
448 2020 484 2049 ω
496 1994 531 2056 II
550 1996 624 2075 235,
647 1995 698 2060 VI
716 1997 778 2059 253
804 1990 1000 2066 ἱκετεύοντες
1022 1993 1079 2059 καὶ
1102 1990 1306 2078 ἀμυνόμενοι.
1340 1994 1393 2059 IV
1409 1997 1476 2058 311

298 2129 334 2158 ω
357 2102 408 2167 VI
427 2102 499 2165 271.

408 2224 440 2313 8)
486 2224 645 2310 defuga.
680 2228 751 2291 οὔτε
774 2225 814 2309 ἦν
836 2234 938 2315 φυγῆς
959 2223 1058 2298 τόπος
1082 2228 1153 2292 οὔτε
1179 2230 1310 2310 μένουσι
1332 2223 1483 2310 σωτηρία

300 2332 437 2396 111424
462 2360 497 2388 ω
521 2333 573 2398 ιν
590 2336 663 2413 434,
688 2333 738 2398 ιν
755 2335 828 2413 519,
853 2335 980 2397 11549.

408 2460 439 2529 9)
486 2456 529 2521 (1ε
553 2454 800 2542 angustiarum
823 2455 956 2544 pugnis

408 2566 514 2629 1352.
551 2560 748 2651 ἐσφάττοντο
770 2562 799 2628 d'
815 2566 849 2629 ἐν
869 2572 939 2643 τοῖς
962 2570 1140 2643 στενωποῖς
1162 2567 1216 2630 καὶ
1239 2559 1326 2631 κατὰ
1348 2559 1406 2635 τοὶς
1430 2567 1485 2629 οἰ·

301 2674 372 2743 κιάς
394 2667 645 2754 συνωθούμενοι
660 2698 695 2727 ω
711 2672 743 2737 V
756 2674 807 2753 94,
832 2673 883 2739 IV
896 2674 947 2753 22,
972 2673 1172 2754 111329130,
1198 2673 1248 2738 IV
1261 2675 1336 2747 312,
1360 2671 1487 2754 11336,

300 2779 444 2860 v1257,
470 2779 503 2842 11
528 2781 600 2844 227.

410 2899 548 2985 Quibus
577 2901 614 2967 in
647 2899 788 2989 proeliis
818 2900 1037 2987 explicandis
1061 2903 1243 2990 Josephus
1276 2897 1312 2966 in
1342 2899 1488 2968 deliciis

302 3009 418 3091 habet,
453 3006 668 3075 dictionibus
702 3031 793 3096 quae
826 3008 943 3095 magis
980 3008 1016 3076 in
1052 3031 1166 3096 genus
1198 3017 1262 3075 τῶν
1289 3011 1482 3092 ὑπερβολῶν

303 3115 426 3182 cadere
453 3114 650 3199 videantur,
678 3137 749 3182 nou
773 3138 935 3202 pugnam
958 3117 1018 3182 sed
1046 3118 1188 3183 caedem
1212 3114 1416 3199 describere,
1439 3115 1485 3183 id

303 3222 397 3310 quod
432 3220 503 3287 iam
538 3223 706 3289 docuerat
739 3223 860 3289 schola
894 3222 1068 3290 rhetorica
1097 3235 1133 3290 et
1160 3221 1412 3290 exercitatione
1442 3233 1488 3291 et,

303 3328 502 3396 imitatione
530 3330 581 3418 (ci
605 3328 731 3396 Theon
760 3332 796 3394 11
820 3352 851 3416 p.
877 3334 917 3396 63
942 3331 1001 3416 Sp.
1028 3329 1176 3415 Quintil.
1203 3335 1232 3412 8,
1256 3334 1285 3414 3,
1310 3330 1380 3416 67);
1405 3330 1484 3396 huc

304 3447 466 3525 spectant

412 3545 427 3608 1
446 3547 519 3609 338.
554 3553 714 3612 τοσοῦτον
729 3537 897 3632 ἐσωρεύθη
918 3553 1042 3629 νεκρῶν
1057 3547 1185 3629 πλῆθος
1207 3547 1293 3611 ὥστε
1308 3545 1366 3616 τὰς
1381 3544 1491 3616 ὁύοὺς

304 3652 530 3737 ἀποφραγῆναι
566 3656 638 3732 τοῖς
670 3659 839 3739 κρατοῦσιν
862 3680 896 3710 ω
920 3655 1066 3721 V1276.
1103 3653 1250 3735 οὐδαμοῦ
1285 3647 1349 3734 γύρ
1382 3653 1403 3734 ἡ
1439 3659 1485 3738 γῆ

417 3923 440 4000 ¹)
465 3923 503 3982 cf.
530 3925 568 3982 de
599 3926 766 4002 virgilianis
789 3944 956 4002 pugnarum
980 3925 1234 4001 descriptionibus
1257 3923 1374 3981 Heinze
1398 3922 1490 4000 Virg.

306 4013 430 4087 epische
446 4013 585 4072 Technik
608 4034 637 4089 p.
658 4013 719 4076 189
737 4033 781 4091 sq.
804 4016 843 4073 de
866 4015 1002 4072 Taciteis
1025 4015 1193 4072 Liebenam
1209 4015 1311 4089 Jahrb.
1326 4011 1373 4070 ffir
1387 4011 1487 4075 klass.

305 4101 379 4164 Phil.
408 4100 501 4170 1892,
524 4103 562 4160 de
587 4104 714 4162 aliorum
737 4104 915 4180 scriptorum
931 4106 1029 4175 Peter,
1053 4103 1239 4162 Geschichtl.
1255 4101 1404 4160 Literatur
1427 4101 1486 4161 der

307 4193 383 4249 rom.
406 4191 540 4250 Kaiserz.
562 4194 686 4268 passim.
