3120 4958
665 327 886 389 -57..

190 533 321 626 ἀθρόος
359 538 525 628 postponi
559 537 726 626 ponderis
760 559 867 604 causa
901 536 952 623 (ΙΙ
981 538 1028 601 12.
1067 529 1128 623 τὴν
1156 531 1192 600 δὲ
1220 530 1369 617 στρατιὰν

189 646 377 734 ἐπαφίησιν
391 641 491 738 αὐτὴν
507 649 592 733 ὅλην,
611 648 688 719 τοὺς
702 648 761 730 μὲν
777 645 900 724 πεζοὺς
915 643 972 710 διὰ
988 649 1044 726 τῆς
1059 641 1190 712 πόλεως
1205 629 1368 726 ἀθρόους.)

191 752 388 823 sedetiam
414 758 559 840 μέγιστος
582 757 647 821 11.
686 748 808 843 ἐπειδὴ
831 753 885 817 τὸν
903 750 1066 817 Ἰουδαίων
1092 748 1174 835 πρὸς
1192 747 1369 830 Ῥωμαίους

186 861 336 947 πόλεμον
358 864 516 928 συστάντα
536 864 702 946 μέγιστον).

301 969 337 1055 5)
360 967 391 1035 si
418 968 490 1035 duo
517 967 743 1035 substantiva
771 976 808 1032 et
834 986 947 1031 unum
982 960 1197 1030 adiectivum
1225 958 1369 1028 coniun·

191 1086 339 1164 gtmtur,
362 1075 578 1143 adiectivum
602 1075 646 1141 ad
669 1073 768 1161 prius
790 1069 1056 1140 substantivum
1079 1067 1278 1159 apponitur.

301 1186 352 1252 VI
371 1187 421 1250 75.
456 1184 494 1248 ‘cd
517 1185 592 1268 βέλη
616 1184 657 1268 ἦν
679 1173 872 1267 ιίμφοιέροις
895 1183 1040 1264 ἄχρηστα
1062 1178 1120 1245 καί
1141 1179 1179 1242 τὰ
1193 1173 1319 1264 δόρατα

302 1292 338 1380 6)
361 1292 432 1358 duo
441 1289 667 1359 substantiva
677 1289 1082 1375 coniunctaseparantur
1092 1283 1368 1352 subiectoV162.

189 1400 446 1483 καταπλαγέντες
472 1392 528 1487 τὴν
556 1400 693 1482 ὁύναμιν
720 1401 752 1464 οί
773 1394 923 1464 Ἰουδαῖοι
950 1394 1006 1460 καί
1029 1395 1064 1459 τὸ
1086 1389 1283 1477 παράστημα
1307 1400 1370 1457 aut

190 1503 404 1593 pronomine
432 1508 543 1571 1163.
580 1511 653 1573 σῖια
680 1503 770 1571 οὗτοι
799 1505 852 1569 καί
880 1504 970 1568 ὅπλα.
1006 1510 1069 1567 aut
1098 1500 1206 1566 verbo
1235 1501 1368 1565 11452.

192 1613 286 1700 πρὸς
306 1614 342 1678 τὸ
365 1615 497 1698 πλῆθος
519 1613 694 1694 ὑποδείσας
716 1612 770 1676 καί
792 1610 829 1674 τὰ
852 1611 1048 1698 φρονήματα.

304 1719 336 1805 7)
359 1717 390 1784 si
414 1718 484 1785 duo
500 1720 608 1786 verba
624 1728 661 1784 et
675 1738 789 1783 unum
812 1712 1076 1782 substantivum
1093 1712 1368 1799 coniunguntur,

191 1823 433 1912 interponitur
448 1824 713 1892 substantivum
729 1827 765 1890 11
782 1827 858 1890 312.
892 1825 1038 1908 ᾐκίζοντο
1054 1821 1129 1901 τοὺς
1144 1823 1370 1904 ἁλισκομένους

186 1931 255 2000 καὶ
278 1934 467 2022 διέφθειρον.

305 2043 339 2121 8)
363 2038 552 2127 genetivus
568 2061 649 2106 cum
665 2035 890 2105 substantivo
914 2035 1125 2102 coniunctus
1141 2034 1248 2101 verbo
1264 2031 1370 2099 iuter-

191 2143 313 2235 posito
336 2156 519 2233 separatur
542 2149 577 2212 11
602 2151 652 2211 28.
690 2147 782 2213 σκιὰν
805 2141 1017 2229 αἰτησόμενος
1038 2139 1208 2228 βασιλείας.

304 2276 443 2390 Restat,
481 2329 562 2373 cum
601 2307 645 2372 de
683 2304 860 2391 rhythmis
870 2310 893 2387 ¹)
931 2326 1003 2370 non
1043 2303 1110 2370 sim
1148 2301 1369 2386 disserturus,

195 2413 338 2504 (quibus
372 2413 514 2502 quidem
552 2411 748 2480 orationem
786 2423 992 2479 exornatam
1026 2409 1135 2477 luisse
1167 2410 1300 2495 credas,
1340 2407 1369 2477 si

193 2543 421 2588 numerosam
455 2520 643 2588 verborum
677 2517 944 2586 collocationem
973 2528 1009 2584 et
1036 2516 1228 2604 figuratam
1262 2539 1370 2584 mem·

192 2629 339 2695 brorum
377 2625 692 2696 conformationem
729 2624 932 2714 perspicias)
971 2635 1012 2692 ut
1049 2646 1238 2711 exponam,
1282 2647 1369 2712 quas

193 2733 350 2803 rationes
373 2732 410 2801 in

546 2916 818 2986 enuntlatorum
842 2919 1024 2985 structura

194 3039 444 3108 observaverit
475 3040 546 3108 Sed
561 3039 768 3129 priusquam
783 3038 820 3107 in
838 3038 1021 3108 interiores
1038 3036 1236 3106 ambituum
1251 3048 1370 3127 partes

194 3146 408 3214 descendam
436 3158 472 3215 et
495 3169 669 3236 quaeram,
705 3146 790 3236 quid
812 3147 966 3215 voluerit
992 3145 1076 3234 quid
1105 3145 1152 3212 sit
1179 3155 1370 3229 assecutuS,

191 3251 350 3321 breviter
386 3276 446 3322 eas
487 3256 618 3322 formas
661 3252 801 3321 dicendi
843 3254 1033 3341 attingam,
1080 3250 1208 3340 quibus
1251 3250 1370 3318 unitas

192 3358 420 3449 periodorum
459 3360 766 3449 cogitatorumque
804 3359 1002 3449 interrupta
1039 3370 1075 3427 et
1114 3360 1255 3427 turbata
1293 3356 1370 3426 ess'e

193 3464 345 3552 videtur,

655 3631 918 3715 parenthescls.

304 3774 405 3858 Quae
428 3796 509 3841 cum
536 3796 607 3841 non
631 3775 737 3841 modo
761 3772 912 3841 dilatent
934 3770 1104 3840 orationis
1127 3792 1277 3856 cursum,
1308 3770 1370 3838 sed

193 3877 314 3965 etiam,
337 3890 379 3947 ut
402 3879 615 3966 Quintiliani
638 3881 755 3949 verbis
778 3892 866 3964 utar,
892 3879 1010 3948 medio
1033 3901 1194 3947 sermone
1217 3878 1371 3966 aliquem

193 4043 410 4057 ——n

308 4094 334 4183 ¹)
357 4100 395 4160 cf.
411 4101 450 4160 de
465 4101 591 4177 Josephi
614 4102 723 4160 libellis
747 4109 852 4159 contra
868 4100 1018 4176 Apionem
1034 4099 1163 4158 Crbnert
1185 4114 1236 4156 rur
1258 4098 1371 4175 griecu

191 4189 421 4266 Satrrhythmik.
455 4190 512 4248 Rb.
535 4191 612 4248 Mus.
635 4189 688 4261 54,
710 4210 740 4266 p.
763 4189 838 4252 593.
