3120 4958
760 310 981 371 ..70-

732 521 817 602 περί
840 520 1000 590 έλπίδος.

387 646 437 712 VI
453 647 524 710 287.
559 647 698 709 πείθεται
721 645 756 711 δὲ
777 647 899 728 ταχέως
921 644 1097 727 ἅνθρωπος
1119 643 1153 706 έν
1175 647 1358 725 συμφοραῖς
1381 641 1464 706 όταν

281 743 311 816 δ’
331 752 393 835 ἤδη
417 753 557 815 καὶτῶν
580 753 776 834 κατεχόντων
800 752 918 817 δεινῶν
940 749 1124 833 ἀπαλλαγὴν
1146 749 1164 812 δ
1188 749 1353 822 ἐξαπατῶν
1376 748 1464 811 ὑπο-

281 859 399 941 γράφῃ,
422 846 496 923 τόθ’
519 859 539 922 ό
561 860 695 940 πάσχων
718 859 792 928 ὅλος
814 861 925 940 γίνεται
947 865 1002 941 τῆς
1024 857 1155 927 ἐλπίδος.

389 965 497 1028 1373.
533 965 675 1047 σφαλερὰ
711 955 740 1027 δ’
764 965 848 1035 ἐλπίς
879 966 939 1029 οὐκ
972 966 1006 1038 έξ
1040 965 1155 1034 οἰκείας
1182 963 1311 1045 φύσεως
1333 949 1401 1024 ἀλλ’
1425 961 1463 1034 ἐξ

281 1071 443 1152 ἀλλοτρίας
465 1073 623 1154 ἠρτημένη
648 1074 874 1154 κακοπραγίας.

733 1268 818 1350 περί
841 1268 1003 1338 ἀδικίας.

389 1391 440 1456 IV
453 1393 525 1454 222.
560 1396 625 1454 τῶν
647 1391 706 1472 μέν
721 1391 940 1474 ἀδικησάντων
955 1391 1105 1460 πολλάκις
1121 1389 1172 1453 διὰ
1188 1390 1301 1471 μίσους
1316 1388 1463 1469 γίνεσθαι

280 1497 337 1580 την
371 1498 525 1580 ἀμέλειαν,
559 1504 622 1567 τοῖς
657 1486 686 1561 δ’
702 1498 896 1580 ἀδικηθεῖσιν
929 1499 984 1568 τὰς
1007 1497 1105 1579 ὀργὰς
1127 1484 1176 1559 ἐπ’
1200 1496 1344 1569 ἐξουσίας
1365 1495 1464 1576 χαλε-

281 1607 433 1687 πωτέρας.

389 1713 425 1774 ΙΙ
439 1713 511 1775 351.
548 1711 641 1775 οὐδὲν
665 1711 699 1775 δὲ
719 1713 822 1782 οὕτως
836 1712 891 1782 τάς
904 1710 1026 1793 πληγὰς
1041 1711 1087 1780 ὡς
1101 1709 1137 1772 τδ
1153 1711 1259 1792 φέρειν
1274 1708 1462 1782 ἀναστέλλει,

281 1819 335 1882 καλ
358 1819 393 1881 τό
415 1824 479 1882 τῶν
503 1818 725 1900 ἀδικουμένων
747 1819 878 1900 ἡσύχιον
897 1824 960 1888 τοῖς
983 1818 1145 1880 ἀδικοῦσιν
1168 1818 1279 1897 γίνεται
1295 1814 1462 1897 διατροπή.

817 2017 946 2060 vana:

389 2121 483 2185 οὐδέν
517 2121 577 2202 γὰρ
612 2122 696 2184 οὕτω
730 2123 905 2209 συνίστησιν
932 2126 987 2191 τᾶς
1012 2121 1135 2190 εὐνοίας
1161 2120 1209 2189 ὡς
1230 2118 1359 2199 τρόπων
1381 2141 1464 2198 συγ-

283 2230 383 2309 γένεια
408 2228 458 2292 IV
475 2229 540 2290 240
564 2224 615 2313 (cf.
641 2226 822 2292 Demosth.
848 2226 992 2310 Olynth.
1018 2228 1102 2292 119.
1138 2216 1192 2289 ὑπ’
1216 2225 1338 2293 εὐνοίας
1360 2231 1461 2307 συστῇ

281 2335 319 2396 τὰ
341 2333 534 2417 πράγματα).

390 2441 426 2502 ΙΙ
439 2443 512 2504 345.
548 2441 696 2522 περισσὸς
720 2441 780 2522 γὰρ
805 2442 883 2523 ὑπὲρ
906 2447 962 2504 τοῦ
985 2441 1022 2504 τὰ
1044 2441 1154 2504 δέοντα
1169 2445 1267 2501 ποιεῖν
1281 2443 1344 2507 πᾶς
1355 2437 1461 2518 λόγος,

282 2548 358 2610 όταν
380 2545 402 2629 ᾗ
417 2553 481 2610 τῶν
497 2548 682 2611 ἀκουόντων
697 2549 825 2610 πάντων
840 2547 922 2629 πρὸς
936 2547 971 2610 τό
987 2554 1092 2630 χεῖρον
1107 2546 1250 2628 ὁμόνοια.
1279 2543 1319 2607 cf.
1332 2539 1461 2607 Nilum

284 2651 488 2737 episcopum
512 2663 547 2718 et
570 2663 768 2736 martyrem,
793 2655 956 2740 κεφάλαια
979 2657 998 2736 η
1017 2655 1225 2734 παραινέσεις
1241 2653 1301 2714 231
1321 2648 1460 2734 (Orelli,

283 2760 452 2843 opuscula
482 2757 700 2825 sententiosa
733 2769 768 2824 et
799 2758 945 2824 moralia
975 2781 1007 2845 p.
1024 2761 1099 2840 350,
1136 2758 1175 2843 1).
1221 2757 1368 2838 περισσός
1395 2763 1462 2828 πᾶς

282 2867 375 2948 λόγος
408 2868 490 2949 πρὸς
525 2868 707 2948 διόρθωσιν,
741 2869 817 2931 ὅταν
844 2870 863 2950 ἡ
892 2873 956 2930 τῶν
979 2867 1168 2930 ἀκουόντων
1190 2865 1272 2946 πρὸς
1293 2863 1328 2927 τὸ
1352 2870 1462 2946 χεῖρον

283 2974 481 3039 ἀποκλίνασα
516 2975 639 3057 σπουδὴ
675 2981 738 3045 τοῖς
772 2975 852 3038 κατὰ
887 2973 1071 3056 συμβουλὴν
1100 2974 1279 3055 λεγομένοις
1310 2972 1461 3042 ἐναντίως

283 3080 431 3145 διάκειται
454 3089 490 3145 et
513 3081 622 3165 eclog.
642 3067 787 3145 deimi
812 3089 848 3145 et
869 3077 1016 3144 Antonii
1042 3082 1091 3143 31.
1138 3080 1208 3160 περὶ
1231 3078 1381 3161 ἀβουλίας
1405 3077 1462 3142 καλ

282 3187 500 3274 τρανσπος.)

389 3295 507 3360 V558.
543 3295 729 3376 κατεφρόνει
763 3295 1046 3377 φιλοχρηματία
1073 3295 1177 3375 πάσης
1199 3293 1369 3363 κολάσεως,
1404 3293 1464 3356 καὶ

283 3401 384 3471 δεινός
407 3393 589 3483 ἐμπέφυκεν
612 3401 801 3481 ἀνθρώποις
819 3408 875 3464 τοῦ
895 3401 1069 3482 κερδαίνειν
1091 3401 1183 3481 ἔρως,
1200 3399 1294 3463 οὐδέν
1308 3422 1340 3460 τε
1355 3399 1462 3469 οὕτως

282 3508 389 3578 πάθος
411 3508 572 3580 πλεονεξία
594 3507 833 3589 παραβάλλεται.

390 3615 422 3680 V
435 3617 507 3678 429.
542 3616 670 3677 πάντων
703 3614 762 3695 μὲν
797 3615 836 3696 δὴ
871 3616 989 3678 παθῶν
1011 3616 1208 3696 ὑπερίσταται
1231 3613 1329 3695 λιμός,
1364 3613 1462 3677 οὐδὲν

283 3712 313 3788 δ
337 3724 439 3792 οὕτως
473 3721 641 3784 ἀπόλλυσιν
675 3721 721 3791 ὡς
756 3721 845 3785 αἰδῶ.
892 3722 927 3784 τδ
960 3721 1020 3802 γὰρ
1052 3721 1156 3791 ἄλλως
1190 3721 1342 3802 ἐντροπῆς
1369 3720 1462 3793 ἀξιον

283 3831 316 3894 έν
338 3830 440 3911 τούτῳ
462 3833 710 3908 καταφρονεῖται.

390 3936 513 3999 11350.
548 3936 735 4017 θεραπεύειν
758 3935 818 4017 γάρ
843 3937 903 3999 οὐκ
926 3936 1075 4010 ἐξετάζειν
1097 3935 1158 4018 χρὴ
1182 3934 1237 4005 τάς
1260 3934 1413 4008 ἔξουσίας.

391 4043 406 4105 Ι
420 4043 493 4106 503.
528 4042 580 4107 διὰ
595 4043 825 4108 τῶντοιούτων
842 4041 893 4126 [οἳ
904 4043 1132 4108 ἀναπείθουσιν
1147 4042 1203 4107 καί
1217 4041 1253 4105 τδ
1268 4048 1322 4124 τῆς
1337 4041 1462 4124 ἡλικίας

282 4150 415 4214 εὔκολον
437 4150 487 4213 έπί
509 4157 603 4232 κακῷ
625 4148 903 4234 μεταχειρίζονται]
927 4150 1143 4224 ἐξαπατᾶσθαι
1164 4149 1223 4232 μὲν
1239 4150 1299 4213 οὐκ
1315 4148 1472 4232 ἐφήβους·
