3120 4958
680 335 897 399 ..30-

302 546 392 613 Illuc
404 568 488 614 vero
503 545 656 634 primum
672 547 844 615 formulae
859 544 1038 634 pertinent
1053 570 1074 615 a
1087 543 1217 634 quibus
1232 544 1370 614 somnia

195 663 257 719 aut
280 655 417 720 fabulas
436 665 503 721 >aut
526 652 713 742 regionum
737 653 990 742 descriptiones
1009 652 1165 722 maxime
1186 653 1371 722 mentione

196 758 324 846 dignas
347 759 473 847 incipit
496 762 595 828 velut

302 871 336 932 11
355 873 424 934 114.
449 871 538 944 ἄξιον
553 871 588 936 δὲ
604 873 732 955 μνήμης
747 873 916 956 ἡγησάμην
930 871 985 937 καλ
999 871 1038 936 τὸ
1049 877 1106 954 τῆς
1117 871 1268 954 γυναικός
1279 872 1369 955 ὄναρ

302 977 385 1041 169.
401 984 405 997 ’
421 975 470 1042 ὧν
491 978 547 1061 τὴν
569 979 794 1063 καταστροφὴν
817 980 908 1054 ἄξιον
929 979 1159 1066 δφηγήσαοδαι
1181 1008 1216 1031 ω
1240 977 1369 1044 11469.

196 1084 303 1148 1532.
340 1085 481 1152 111196.
516 1085 677 1152 1111132.
713 1086 860 1151 111229.

301 1192 427 1276 Neque
448 1189 568 1257 minus
599 1191 671 1258 huc
702 1201 864 1278 spectant
894 1190 1092 1259 sententiae
1123 1201 1159 1259 et
1181 1189 1370 1257 enuntiata

195 1295 384 1365 artificiose
407 1309 443 1366 et
465 1298 639 1394 euplicate
663 1299 865 1387 composita,
888 1322 1054 1387 quaeres
1078 1299 1311 1366 introducunt
1334 1307 1372 1365 et

193 1403 361 1491 prooemii
384 1406 462 1472 loco
484 1417 696 1493 praeparant
718 1408 817 1474 velut

300 1515 350 1580 VI
372 1517 521 1582 1991200.
556 1517 610 1581 καλ
643 1517 676 1582 τί
707 1517 757 1580 δεῖ
786 1517 845 1600 τὴν
878 1517 911 1580 ἐν
945 1517 1082 1600 ἀψύχοις
1113 1515 1279 1581 ἀναίδειαν
1308 1519 1371 1579 τοῦ

193 1621 286 1703 λιμοῦ
320 1620 434 1704 λέγειν,·
465 1625 526 1706 εἶμι
561 1624 621 1707 γὰρ
654 1625 751 1689 αὐτοῦ
786 1625 943 1709 δηλώσων
971 1627 1065 1708 ἔργον
1093 1624 1160 1690 οἷον
1182 1625 1266 1707 μήτε
1289 1609 1370 1704 παρ’

187 1727 330 1813 Ἕλλησιν
351 1732 434 1814 μήτε
455 1731 543 1814 παρὰ
565 1720 741 1818 βαρβάροις
764 1727 930 1816 ἱστόρηται
953 1778 961 1792 .
985 1781 993 1797 .
1018 1783 1025 1794 .
1049 1782 1055 1796 .
1079 1732 1147 1796 κτλ.

300 1837 406 1902 1208.
443 1825 612 1926 ἀμήχανον
635 1831 665 1902 δ’
680 1840 713 1903 ἐν
735 1839 921 1922 εὐπραγίαις
943 1839 1070 1922 φθόνον
1094 1840 1267 1928 διαφυγεῖν.

300 1944 370 2010 VII
388 1947 438 2009 42.
472 1945 541 2032 περὶ
575 1943 623 2010 ὧν
653 1946 825 2032 ἀναγκαῖόν
852 1948 913 2010 ἐστι
936 1947 987 2012 διὰ
1011 1947 1177 2029 συντόμων
1201 1952 1372 2032 προειπεῖν

197 2051 247 2114 ἵνα
270 2051 323 2114 καλ
344 2057 409 2115 τῶν
423 2052 504 2134 μετδ
520 2058 623 2117 ταῦτα
638 2054 856 2135 πραχθέντων
878 2053 1203 2136 εὐπαρακολούθητον
1219 2055 1370 2136 ποιήσω-

194 2181 255 2239 μαι
278 2149 338 2244 τὴν
361 2158 520 2248 διήγησιν.

301 2265 352 2330 VI
369 2267 419 2329 84.
456 2262 608 2331 ἐδιώκετο
644 2267 678 2330 δὲ
712 2267 775 2350 ἄρα
808 2266 863 2332 καλ
890 2268 987 2338 αὐτὸς
1008 2267 1073 2331 ὑπὸ
1095 2274 1149 2351 τῆς
1172 2265 1371 2350 εἱμαρμένης

195 2357 235 2461 ἣν
258 2372 425 2455 ἀμήχανον
448 2372 614 2456 διαφυγεῖν
635 2374 757 2457 θνητὸν
780 2376 889 2473 ὄντα.ι

302 2477 558 2546 Praetermissis
589 2490 707 2546 autern
739 2479 859 2547 formis
883 2501 973 2568 quae
1003 2501 1071 2545 usu
1094 2478 1257 2546 vocabuli
1287 2476 1370 2545 τόδε

193 2606 323 2651 novam
346 2585 582 2653 narrationem
599 2585 838 2671 introducunt,
861 2587 1014 2655 breviter
1030 2585 1199 2653 transitus
1216 2583 1368 2669 attingo,

195 2690 323 2778 quibus
346 2703 464 2780 partes
487 2693 602 2780 operis
625 2693 830 2781 simpliciter
853 2693 1052 2781 coniungit:

301 2801 427 2867 11254.
467 2803 688 2887 καδαρδείσης
729 2811 784 2887 τῆς
822 2805 932 2889 χώρας
974 2805 1082 2886 ἕτερον
1121 2801 1207 2878 εἶδος
1238 2799 1369 2882 λησιῶν

194 2905 369 2991 ἐπεφύετο.
405 2912 480 2978 258.
497 2910 624 2995 συνέστη
639 2912 718 2998 πρὸς
731 2913 855 2982 τούτοις
870 2915 982 2993 στῖφος
996 2912 1113 2990 ἕτερον.
1149 2910 1221 2972 261.
1237 2904 1365 2990 μείζονι

194 3016 229 3080 δὲ
251 3017 378 3082 τούτων
400 3019 512 3102 πληγῇ.
559 3020 632 3082 264.
653 3019 915 3101 κατεσταλμένων
940 3017 974 3080 δὲ
995 3019 1120 3081 τούτων
1142 3016 1234 3080 πάλιν
1257 3016 1368 3095 ἕτερον

193 3125 292 3211 μέρος
315 3123 531 3208 ἐφλέγμαινεν.
579 3127 651 3191 266.
676 3128 769 3208 ἑτέρα
792 3125 827 3190 δὲ
849 3123 976 3207 ταραχὴ
1000 3121 1188 3190 συνίσταται.

299 3232 369 3298 VII
387 3234 438 3297 54.
474 3233 603 3316 δευτέρα
623 3229 717 3296 πάλιν
740 3232 889 3315 συμφορὰ
912 3234 1096 3312 προσέπεσε.

299 3339 369 3405 VII
387 3342 437 3404 89.
472 3347 513 3424 τῇ
528 3337 744 3426 προειρημένη
756 3340 933 3405 ἀποστάσει
949 3339 1028 3404 κατὰ
1044 3341 1159 3416 ταύτας
1173 3336 1231 3407 τὰς
1242 3338 1367 3419 ἡμέρας

192 3448 246 3512 καὶ
268 3445 440 3513 Σκυθικὸν
461 3443 610 3531 τόλμημα
633 3449 833 3530 συνέδραμεν.

301 3553 414 3619 Multo
438 3574 520 3620 vero
543 3552 659 3639 magis
683 3551 808 3620 variati
832 3562 916 3618 sunt
939 3550 1080 3638 epilogi,
1111 3550 1238 3637 quibus
1262 3550 1364 3637 quasi

192 3658 359 3726 clausulis
394 3659 560 3727 terminat
594 3659 813 3727 narrationes
847 3671 883 3725 et
918 3657 1170 3745 descriptiones
1204 3657 1364 3724 insertas,

192 3768 310 3854 Atque
343 3765 495 3853 primum
524 3766 666 3853 quidem
700 3768 770 3832 huc
804 3765 957 3853 pertinet
985 3765 1078 3852 quod
1112 3786 1271 3851 pugnam
1306 3787 1365 3829 ex-

192 3875 371 3961 sequendo
395 3874 571 3941 subtiliter
594 3895 780 3940 numerum
804 3894 984 3939 caesorum
1009 3870 1187 3938 concludit
1210 3872 1310 3937 velut

299 3984 406 4047 1151.
437 3983 606 4049 Ἰουδαίων
627 3984 686 4065 μὲν
709 3981 766 4046 οὖν
788 3981 995 4065 ἀνῃρέθησαν
1015 3983 1125 4064 μύριοι
1148 3981 1202 4044 καλ
1221 3981 1363 4062 δισχίλιοι

192 4120 227 4144 ω
251 4090 392 4168 111333,
416 4091 556 4172 111436,
582 4090 635 4153 111
653 4092 725 4154 531.
755 4098 816 4153 aut
832 4109 935 4171 ann0,
960 4085 1024 4169 die,
1039 4108 1161 4152 mense
1176 4085 1363 4173 praecipue

192 4194 435 4264 obsidionibus
458 4194 625 4263 confectis
648 4195 748 4261 velut
769 4197 964 4280 Jotapatae.
