3120 4958
675 342 896 406 ...29-

190 573 281 638 quas
326 549 363 618 in
410 550 571 620 diatribis
616 575 707 639 quae
750 563 924 621 vocantur
968 554 1208 641 frequentatas
1258 552 1367 622 fuisse

189 680 298 724 nemo
321 658 443 726 nescit
489 663 614 746 Neque
647 659 766 727 minus
798 662 843 727 ad
873 659 1046 728 rationem
1071 661 1280 749 disponendi
1305 673 1368 730 aut

190 763 435 851 coniungendi
459 767 616 833 membra
639 766 818 853 pertinent
841 767 948 834 verba
971 779 1007 834 et
1029 769 1209 852 formulae,
1239 768 1367 855 quibus

192 871 425 939 continuatur
448 873 568 959 oratio,
592 896 647 941 res
671 873 868 942 deducitur:

302 982 337 1044 ΙΙ
355 984 428 1046 352.
464 984 544 1066 φέρε
568 973 690 1049 δἐἶναι
713 984 832 1048 11355
856 1013 891 1036 Ν
915 984 950 1046 ΙΙ
964 986 1024 1048 371
1053 984 1130 1048 diii
1152 985 1284 1068 μήννΙ
1302 987 1366 1049 337

192 1091 280 1154 ἔστω
304 1095 390 1176 χοῦν.

303 1197 449 1261 111472.
485 1197 589 1281 εῖόῆτε
611 1199 692 1268 τίνες
715 1199 807 1276 ὄντες
827 1197 910 1281 πρὸς
930 1199 1018 1269 τίνος
1032 1199 1197 1281 μάχεσθαι
1212 1199 1369 1282 μέλλομεν

307 1411 358 1478 IV
375 1413 448 1475 266.
483 1411 544 1495 χρὴ
568 1413 759 1479 σκέπτεσθαι
791 1411 868 1483 τοὺς
900 1396 1127 1496 διαβάλλοντας
1148 1413 1203 1477 nul
1224 1401 1303 1477 καθ’
1322 1411 1370 1478 ὧν

193 1548 231 1571 ω
255 1519 306 1585 Vi
327 1521 397 1584 107.
982 1504 988 1511 '

306 1626 385 1708 Qua
401 1646 438 1690 re
454 1624 613 1710 exposita
638 1624 805 1712 quoniam
821 1625 907 1692 satis
924 1624 1119 1691 ostendisse
1134 1623 1222 1691 mihi
1238 1624 1368 1709 videor,

192 1753 286 1818 quae
324 1729 473 1798 artificia
510 1733 689 1818 Josephus
727 1731 763 1799 in
803 1731 1015 1798 exornandis
1054 1732 1272 1799 orationibus
1310 1734 1368 1799 ad-

192 1835 359 1921 hibuerit,
383 1859 487 1925 quem
510 1838 668 1905 ordinem
692 1860 903 1926 normasque
919 1838 1166 1922 observaverit,
1189 1860 1285 1905 nunc
1301 1839 1369 1906 dis·

192 1953 352 2011 serturus
382 1967 460 2010 sum
497 1946 541 2012 de
564 1945 707 2032 reliquis
738 1945 852 2034 operis
882 1946 1041 2033 partibus
1065 1945 1165 2033 quasi
1196 1958 1367 2033 apparatu

192 2061 232 2117 et
255 2051 479 2136 ornamentis,
503 2053 547 2119 de

631 2234 938 2318 descriptionibus

193 2372 232 2439 in
258 2395 406 2461 quarum
440 2396 553 2461 genus
577 2398 664 2462 quas
696 2398 751 2442 res
785 2377 908 2442 cadere
941 2376 1097 2442 rhetores
1130 2373 1267 2463 antiqui
1298 2375 1369 2443 exi-

194 2479 427 2564 stimaverint,
460 2504 504 2548 ex
538 2482 776 2568 Hermogenis
805 2481 1012 2550 definitione
1044 2483 1272 2570 intelligatur.
1312 2486 1367 2572 (cf.

193 2585 381 2654 Theonem
405 2591 441 2654 II
466 2611 497 2675 p.
526 2594 586 2654 118
610 2590 668 2676 Sp.
704 2589 952 2677 Aphthonium
976 2592 1012 2655 II
1036 2614 1068 2679 p.
1093 2594 1143 2656 46.
1180 2589 1368 2657 Nicolaum

195 2696 336 2760 111491
365 2695 436 2783 Sp.)

305 2804 473 2890 Hermog.
491 2806 527 2869 II
544 2825 575 2890 p.
593 2807 632 2868 16
649 2806 706 2890 Sp.
742 2803 894 2894 ἕκφροσις
908 2803 975 2871 ἔστι
991 2805 1087 2892 λόγος
1100 2806 1369 2894 περιηχηματικὸς

193 2910 244 2981 ὥς
266 2934 345 2998 φασι
376 2913 510 2995 ἐναργὴς
541 2914 596 2978 καὶ
627 2902 688 2976 ὑπ’
705 2913 784 2994 ὄψιν
817 2913 906 2994 ἅγιον
934 2912 970 2976 τὸ
995 2912 1196 2995 ὀχλούμενον.
1231 2909 1369 2994 γίνονται

195 3005 407 3104 ὀ’ἐκρράοεις
439 3021 625 3101 προσώπων
657 3020 717 3102 μὲν
750 3020 797 3090 ὡς
824 3008 909 3102 παρ’
921 3017 1063 3103 Ὁμήρῳ,
1085 3020 1280 3105 πραγμάτων
1302 3019 1369 3085 οἷον

194 3127 349 3208 ἔκφραοις
370 3124 567 3209 πεζομαχίας
582 3128 635 3191 καὶ
651 3128 835 3209 ναυμαχίας,
858 3132 981 3208 καιρῶν
1005 3117 1034 3190 i'
1051 3127 1118 3191 olor
1133 3128 1258 3210 εἰρήνης
1274 3127 1369 3191 πολέ-

192 3254 268 3314 μου,
290 3233 397 3297 τόπων
421 3222 450 3296 ‹l'
463 3234 528 3298 οἷον
551 3234 694 3316 λιμένων
709 3234 849 3316 αἶγαλῶν
863 3233 997 3306 πόλεων,
1020 3233 1147 3316 χρόνων
1163 3233 1231 3298 οἷον
1247 3229 1367 3316 ἑορτῆς.

307 3339 426 3425 Atque
448 3337 651 3427 priusquam
680 3350 931 3425 argumentum
959 3349 995 3405 et
1017 3337 1189 3404 rationem
1213 3339 1369 3404 locorum

194 3444 438 3513 communium
463 3444 647 3532 attingam,
680 3468 792 3532 pauca
819 3444 907 3512 mihi
931 3447 975 3512 de
998 3446 1109 3512 forma
1133 3456 1169 3512 et
1192 3456 1369 3512 structura

194 3551 473 3639 descriptionum
505 3564 590 3619 sunt
623 3553 936 3619 commemoranda
988 3554 1088 3636 Quae
1122 3574 1202 3618 cum
1234 3575 1256 3618 a
1289 3574 1368 3618 con-

194 3658 326 3726 tinenti
361 3659 562 3726 narratione
596 3658 632 3725 in
665 3681 734 3746 qua
768 3671 973 3747 perpetuam
1008 3681 1123 3725 rerum
1159 3658 1367 3744 scriptarum

193 3765 382 3833 historiam
398 3764 642 3853 complectitur
657 3778 788 3849 auctor,
814 3777 1049 3850 secernantur,
1064 3764 1142 3832 lieri
1154 3787 1226 3832 non
1243 3776 1368 3851 potest,

194 3873 282 3961 quin
318 3895 399 3940 cum
434 3896 570 3940 conexu
598 3872 713 3960 operis
736 3871 840 3940 certis
862 3871 1021 3938 formulis
1045 3872 1309 3959 coniungantur
1331 3883 1368 3940 et

195 3982 419 4064 cohaereant,
454 3979 581 4067 quibus
615 3979 808 4047 introducit
841 3978 1091 4063 narrationem,
1126 4002 1195 4066 quo
1230 3979 1367 4047 facilius

195 4089 357 4158 animum
382 4089 427 4154 ad
443 4110 554 4155 novas
578 4099 613 4154 et
629 4087 807 4154 inauditas
830 4109 884 4153 res
900 4087 1070 4168 advertat,
1094 4097 1156 4152 aut
1180 4087 1367 4172 concludit,

194 4207 238 4263 ut
262 4195 412 4283 scriptor
436 4206 617 4282 tamquam
640 4195 781 4282 epilogo
804 4192 889 4280 quid
912 4191 1043 4260 sentiat
1065 4191 1167 4260 dicat
