3120 4958
659 319 878 380 -60-

184 526 261 597 vati
273 528 373 594 velut
383 527 452 594 Dio
462 527 733 613 Cbrysostomus
748 539 784 595 et
796 525 981 594 Musonius
993 527 1089 595 aliud
1099 537 1368 614 argumentum,

184 633 293 703 aliam
317 633 491 701 scribendi
514 636 663 702 formam
686 635 888 722 praebeant.

294 739 390 811 Satis
406 739 517 828 igitur
538 740 627 808 mihi
644 740 750 809 estin
767 742 834 809 hoc
850 763 922 808 uno
939 763 1043 828 opere
1057 739 1188 808 versari
1212 753 1249 809 et
1263 740 1369 809 varia

188 847 422 935 componendi
447 870 578 934 genera
601 848 708 916 variis
731 847 994 916 narrationibus
1014 850 1280 916 accommodata
1296 847 1369 916 dis-

186 953 334 1042 quirere,
358 977 447 1042 quae
471 966 512 1022 ut
527 977 640 1022 unum
655 978 674 1023 e
690 955 813 1023 multis
829 954 1028 1023 rhetoribus
1044 957 1215 1040 alienam,
1239 955 1369 1022 Aelius

187 1059 363 1128 Aristides
386 1060 442 1128 his
465 1061 582 1129 verbis
606 1073 660 1129 est
684 1064 896 1150 complexus

296 1172 390 1254 τέχνη
419 1172 487 1254 ῥητ.
512 1172 548 1234 11
576 1192 608 1257 p.
633 1173 697 1236 508
721 1170 780 1257 Sp.
827 1173 846 1254 ἡ
881 1172 940 1254 μὲν
974 1172 1107 1255 συνεχὴς
1134 1172 1187 1236 καλ
1213 1172 1368 1256 λελυμένη

189 1278 272 1356 λέξις
294 1279 399 1361 ἔργοις
420 1279 475 1343 καὶ
496 1278 612 1342 πάθεσι
636 1281 756 1360 πρέποι
779 1281 826 1360 ἄν,
850 1280 870 1362 ἡ
888 1279 923 1342 δὲ
942 1279 1025 1344 κατὰ
1048 1279 1200 1362 περίοδον
1213 1285 1283 1357 τοῖς
1299 1280 1369 1343 ἑπι-

187 1385 356 1456 ιλεικτικοῖς
378 1385 432 1450 καλ
453 1387 632 1468 προοιμίοις
654 1387 708 1449 καλ
730 1387 960 1469 ἐνθυμήμασιν.

299 1490 604 1557 Perscrutantibus
642 1500 762 1557 autem
810 1489 913 1558 nobis
951 1489 1067 1558 varias
1104 1493 1234 1559 formas
1272 1513 1371 1558 com-

188 1595 346 1685 ponendi
377 1619 521 1664 necesse
547 1597 697 1682 videtur,
730 1621 751 1664 a
777 1597 914 1664 minore
946 1599 990 1664 ad
1022 1598 1138 1664 maius
1168 1598 1370 1683 ascendere,

191 1727 212 1771 a
228 1702 415 1772 sententiis
432 1703 638 1793 simpliciter
654 1704 850 1788 exstructis,
867 1704 903 1770 in
921 1727 1070 1793 quarum
1087 1704 1371 1772 conforrnatione

191 1811 290 1878 nulla
322 1834 378 1878 ars
402 1811 503 1895 inest,
536 1813 581 1878 ad
604 1811 766 1899 periodos
798 1811 947 1878 summis
978 1810 1136 1878 artificiis
1168 1822 1370 1897 exomatas‚

192 1941 280 2006 quas
313 1928 354 1984 ut
377 1917 567 2006 diligenter
590 1929 824 2005 componeret,
857 1917 930 1985 vim
963 1919 1119 1986 efiiceret
1150 1929 1187 1985 et
1209 1931 1370 2005 augeret,

190 2027 300 2094 verba
323 2036 359 2093 et
381 2027 538 2092 membra
561 2036 597 2094 et
621 2025 778 2113 cogitata
801 2025 1011 2114 disponeret,
1044 2047 1186 2112 operam
1209 2025 1369 2094 navavit

298 2134 417 2220 Atque
429 2132 515 2200 satis
531 2143 585 2200 est
601 2155 892 2200 commemorasse
904 2131 1201 2220 simplicissimam
1216 2134 1370 2200 formam

191 2251 230 2307 et
252 2241 359 2308 verba
383 2250 419 2306 et
441 2242 599 2307 membra
623 2238 872 2327 coniungendi,
896 2240 991 2327 quod
1015 2237 1201 2307 enuntiata
1223 2237 1371 2326 singula

192 2345 375 2435 particulis
387 2349 441 2414 καὶ
456 2358 492 2414 et
507 2349 584 2415 οὐόέ
598 2358 811 2429 asseruntur,
827 2347 951 2414 eodem
967 2345 1125 2412 subiecto
1142 2346 1369 2432 copulantur;

191 2476 300 2542 quam
324 2452 515 2521 dictionem
538 2453 789 2541 paratacticam
812 2465 957 2536 vetereS,
980 2465 1021 2520 ut
1044 2451 1161 2519 verbis
1183 2451 1335 2540 Aquilae
1345 2455 1370 2543 ¹)

194 2573 286 2646 utar,
324 2561 511 2649 praecipue
548 2560 717 2628 historiae
754 2572 791 2628 et
824 2558 1051 2647 descriptioni
1087 2558 1276 2627 convenire
1310 2561 1372 2628 do-

194 2679 352 2737 cuerunt.

300 2774 419 2842 Aliam
450 2797 534 2843 vero
569 2777 718 2843 formam
751 2773 987 2862 paratacticae
1021 2772 1190 2840 orationis
1224 2774 1373 2860 praebet

194 2882 355 2951 studium
362 2888 394 2968 ²),
417 2881 524 2970 priori
541 2881 739 2949 sententiae
754 2904 816 2969 per
831 2882 888 2949 καὶ
904 2879 1132 2970 posteriorem
1149 2878 1372 2967 adiungendi

194 2989 353 3059 subiecto
384 3001 533 3074 mutato,
565 3012 635 3077 qua
667 3011 761 3056 nova
793 3011 848 3056 res
879 2987 1041 3070 adicitur3
1073 3010 1142 3075 qua
1171 2987 1208 3054 in
1232 2987 1373 3056 ratione

194 3097 382 3187 praecipue
405 3097 442 3164 iu
466 3095 684 3165 sententiosa
714 3094 869 3162 dictione
892 3094 1052 3162 adhibita
1082 3116 1249 3182 persaepe
1271 3092 1373 3181 prius

195 3204 422 3273 enuntiatum
454 3203 491 3271 in
516 3204 605 3271 duas
637 3215 754 3291 partes
777 3201 956 3287 dividitur,
990 3224 1081 3290 quae
1103 3213 1166 3270 aut
1188 3199 1373 3289 particulis

194 3315 309 3400 μὲν-δέ
330 3311 422 3379 inter
449 3333 488 3378 se
510 3321 739 3400 opponuntur
761 3320 825 3377 aut
855 3308 924 3376 alio
950 3310 1056 3377 modo
1078 3309 1373 3396 iuxtaponuntur.

196 3421 297 3488 velut

305 3528 432 3592 11351.
467 3528 547 3593 ὅταν
574 3527 610 3594 δι’
638 3533 703 3592 τῶν
724 3533 849 3612 μικρῶν
884 3527 1124 3614 ἁμαρτημάτων
1156 3525 1229 3597 τοὺς
1251 3526 1374 3600 ἐξονει-

198 3634 333 3718 δισμοὺς
363 3635 500 3718 ποιῆσθε
521 3636 687 3723 μεγάλους,
721 3624 799 3700 καθ’
823 3637 948 3700 ἑαυτῶν
981 3633 1056 3712 τοὺς
1079 3629 1375 3715 έξονειόιζομένους

197 3743 388 3826 ὀπελέγχετε,
422 3743 476 3808 καλ
508 3745 659 3826 παρέντες
682 3743 721 3808 τὸ
743 3743 900 3826 βλάπτειν
924 3741 1110 3828 πορθοῦσιν
1132 3744 1300 3823 φανερῶς·
1336 3747 1376 3805 et

308 3977 333 4055 ¹)
355 3981 431 4038 rhet
454 3979 520 4040 [at.
548 3979 619 4036 min.
642 3998 672 4055 p.
695 3975 737 4037 27
762 3976 811 4034 ed.
834 3976 882 4042 H„
905 3976 944 4034 de
972 3983 1121 4052 perpetua
1150 3973 1375 4051 compositione

198 4088 292 4147 quarn
315 4068 428 4128 Graeci
450 4065 531 4139 λέξιν
554 4059 722 4150 εἰρομένην
744 4075 863 4124 vocant

308 4175 334 4253 ²)
358 4175 480 4234 Schmid
504 4175 678 4234 Atticismns
701 4173 753 4241 IV,
776 4193 806 4250 ρ.
818 4171 893 4233 546.
