3120 4958
576 360 796 422 -37..

97 572 279 662 διεφαίνετο
314 563 393 635 ἀλλὰ
423 573 547 655 σωροῖς
579 571 800 655 ἐπιβαίνοντες
834 572 865 636 οἱ
897 576 1087 655 στρατιῶται
1115 568 1280 655 σωμάτων

101 706 139 737 ω
163 680 198 743 II
216 680 266 743 30.
1103 702 1104 706 ’

212 804 263 871 VI
280 805 390 870 27214.
426 799 558 892 συνήχει
575 805 594 887 ἡ
611 799 702 888 φλόξ,
720 791 849 892 συνήχει
863 827 900 869 τε
915 803 1043 886 Περαία
1058 802 1113 867 καί
1135 796 1174 868 τὰ
1189 802 1281 886 πέριξ

100 914 166 995 ὄρη
193 912 372 995 βαρυτέραν
397 917 553 975 ποιοῦντα
582 902 639 998 τὴν
665 911 748 994 βοήν
774 937 810 967 ω
832 909 885 974 ΙΙΙ
911 912 975 974 250
1000 909 1052 994 (cl.
1077 909 1173 976 Curt.
1199 908 1279 975 Rus.

103 1020 161 1082 III
190 1021 238 1099 10,
263 1021 282 1080 2
313 1014 471 1082 redditur
500 1016 638 1099 clamor,
666 1013 761 1101 iugis
783 1013 960 1081 montium
983 1014 1163 1102 vastisque
1186 1012 1282 1081 salti-

100 1125 172 1191 bus
200 1123 436 1211 repercussus)
465 1133 501 1189 et
528 1120 616 1188 illud
641 1121 821 1195 Leonidae
848 1120 988 1209 saepius
1016 1122 1115 1189 velut
1143 1146 1163 1188 a
1188 1121 1281 1190 Cice-

102 1253 191 1298 rone
218 1229 322 1296 Tusc.
352 1233 369 1295 I
397 1234 454 1295 101
492 1240 804 1296 commemoratum
839 1228 1052 1296 tralaticium
1085 1229 1178 1316 quod
1212 1232 1281 1301 Lu-

104 1337 230 1405 cianus
258 1343 323 1425 ῥητ.
354 1335 480 1405 dedeina.
505 1342 543 1402 18
574 1339 592 1402 ὁ
619 1339 707 1421 ἥλιος
728 1329 793 1403 ὑπὸ
816 1342 880 1403 τῶν
901 1337 1063 1421 Μηόικῶυ
1084 1339 1191 1421 βελῶν
1213 1362 1281 1402 σκε-

96 1449 223 1512 πέσθω
251 1443 377 1527 illudit,
406 1467 427 1510 a
451 1443 562 1512 Suida
590 1464 729 1531 quoque
757 1465 781 1509 s.
806 1467 837 1510 v.
864 1445 1059 1527 ὑπετέμνετο
1089 1443 1235 1509 allatum
1260 1465 1281 1509 a

104 1551 240 1621 Suidae
266 1561 303 1617 et
331 1574 352 1617 a
373 1550 523 1639 Josephi
552 1549 746 1617 editoribus
773 1551 976 1636 neglectum
1004 1549 1112 1616 vertit
1134 1549 1282 1639 scriptor

104 1658 143 1725 in
168 1680 272 1725 suum
297 1680 401 1724 usum
425 1657 522 1724 hisce
545 1655 676 1725 verbis:
701 1660 886 1748 ἀφιεμένων
909 1651 973 1724 ἀπὸ
994 1659 1204 1741 συνθήματος
1217 1662 1282 1722 τῶν

103 1768 212 1851 βελῶν
233 1761 270 1833 τὸ
294 1773 368 1854 φῶς
390 1765 596 1849 ὑπετέμνετο
621 1767 676 1830 ΙΙΙ
694 1766 799 1851 2631)

216 1888 355 1974 Quibus
392 1888 478 1956 locis
510 1888 680 1978 expositis
712 1899 823 1956 restat
851 1900 893 1956 ut
924 1890 1053 1956 addam
1084 1889 1282 1977 Josephum

105 1995 361 2084 descriptiones
395 1995 620 2063 obsidionum
653 2007 689 2063 et
716 2018 919 2083 pugnarum
946 2001 1114 2085 παρέργοις
1140 1995 1282 2064 insertis

100 2115 145 2171 et
167 2103 440 2171 narratiunculis
464 2102 600 2171 variare
624 2102 751 2187 conari,
775 2102 972 2192 interrupta
987 2103 1188 2171 narratione
1204 2103 1282 2171 aliis

105 2209 241 2299 pugnis
249 2212 273 2298 ²)
297 2220 360 2278 aut
382 2209 523 2298 proeliis
548 2209 788 2298 singularibus
811 2233 882 2276 non
904 2212 1009 2277 modo
1029 2209 1103 2278 Titi
1120 2209 1283 2299 Vespasi-

107 2317 168 2385 ani
202 2317 401 2385 celebrandi
429 2340 535 2384 causa
563 2320 624 2385 sed
653 2317 760 2385 etiam
790 2321 1031 2384 Romanorum
1060 2315 1283 2405 singulorum

107 2435 145 2492 et
167 2425 386 2510 Judaeorum
411 2436 473 2492 aut
497 2437 538 2492 ut
560 2447 615 2491 res
638 2446 700 2512 per
723 2434 881 2511 tempora
896 2425 1088 2513 ordineque
1104 2436 1146 2492 ut
1161 2435 1283 2512 gestae

103 2543 195 2599 sunt
216 2542 448 2619 persequatur
471 2543 533 2599 aut
556 2542 597 2598 ut
619 2530 814 2599 variatione
838 2531 974 2598 animos
998 2533 1155 2600 delectet

216 2660 342 2744 Neque
357 2655 530 2724 minorem
546 2679 689 2743 operam
704 2656 741 2722 in
758 2656 1010 2744 descriptiones
1025 2656 1137 2741 famiS,
1165 2657 1283 2744 pestis,

107 2764 313 2830 morborum
337 2764 546 2848 conferebat,
579 2787 670 2851 quae
695 2764 790 2832 etin
815 2763 975 2831 diatribis
999 2786 1088 2852 quae
1110 2775 1284 2832 vocantur

77 2963 81 2971 ¹
103 2892 277 2958 persaepe
301 2893 377 2938 esse
393 2882 544 2939 tractata
567 2884 603 2940 et
626 2872 861 2940 arhetoribus
884 2870 921 2938 in
938 2870 1067 2938 scholis
1091 2893 1171 2938 cum
1187 2871 1284 2938 Thu·

107 2976 247 3063 cydidis
281 2977 481 3045 imitatione
514 2979 625 3066 pestis
660 2990 736 3047 tum
771 2977 1082 3049 exercitationibus
1116 2989 1220 3046 aucta
1247 2988 1284 3046 et

104 3083 327 3173 amplificata
351 3095 497 3153 constat.
506 3087 533 3174 ³)

223 3358 244 3437 ¹)
268 3359 306 3422 cl.
331 3360 465 3430 Ausfeld‚
488 3362 765 3420 Alexanderroman
788 3363 817 3419 11
840 3361 925 3439 lep.
944 3361 985 3422 72
1003 3371 1034 3421 et
1049 3381 1066 3421 e
1083 3361 1283 3438 posteriomm

107 3449 314 3525 sophistarum
337 3468 464 3508 numero
488 3452 567 3508 hanc
591 3451 863 3510 conformationem

219 3556 373 3616 Himerius
390 3559 465 3615 eccl.
478 3558 505 3613 V
518 3557 554 3622 3
577 3557 622 3657 μή
635 3578 692 3639 μοι
707 3551 808 3621 νίκτα
820 3560 920 3622 ποιεῖ
934 3551 991 3643 τὴν
1006 3553 1130 3638 ἡμέραν
1143 3559 1216 3633 τοῖς
1230 3555 1283 3637 βέ-

102 3642 204 3723 λεσιν,
227 3641 302 3725 μηδ’
327 3644 539 3726 ὑποτρεχέτω
562 3636 620 3709 τὸν
642 3645 730 3727 ἥλιον
752 3647 850 3728 νέφος
877 3646 912 3709 ἐκ
934 3651 999 3709 τῶν
1020 3645 1126 3751 βελῶν
1148 3651 1202 3748 τῆς
1225 3650 1285 3726 σῆς

107 3737 262 3814 στρατιᾶς
284 3734 494 3817 συγκείμενον
528 3740 564 3798 et
592 3753 638 3797 or.
662 3733 698 3797 11
727 3735 769 3796 25
792 3740 854 3799 τοῦ
877 3736 962 3816 ἡλίου
983 3728 1131 3813 τοξεύων
1152 3726 1188 3796 τὸ
1212 3737 1286 3822 φῶς

105 3821 297 3902 ἀπέκρυπτε

223 3929 393 4007 ²)obsidio
427 3931 591 4008 Jotapatae
626 3930 1061 4003 111110-339‚Gama1ae
1096 3931 1138 3989 IV
1169 3929 1285 4001 1-83,

108 4021 394 4095 Hierosolymorum
418 4021 512 4084 VlVI.

223 4122 250 4209 ³)
274 4127 484 4228 [Dionys-d]
448 4149 542 4233 εχνη
567 4148 596 4203 p.
615 4128 677 4190 120
701 4130 754 4188 Us.
777 4128 812 4191 ol
833 4121 1066 4207 καλουμεναι’
1052 4121 1224 4234 εκφράσεις
1246 4117 1285 4192 sd

107 4206 337 4296 πολλαχοῦ
305 4237 359 4279 τον
381 4219 526 4297 χειμῶνα
549 4215 680 4301 γράφειν
702 4214 756 4278 καί
777 4214 908 4298 λοιμοὺς
930 4214 984 4279 καί
998 4210 1115 4298 λιμοί-,ς
