3120 4958
771 346 969 408 ...3-

288 551 457 622 Sallustio
485 551 562 621 aliis
594 553 782 622 exercitam
815 554 992 644 Ulpianus
1001 555 1023 644 ¹)
1058 555 1245 643 vituperat,
1278 554 1454 623 orationes

286 659 429 727 alterius
445 660 633 729 sacerdotis
646 663 689 729 ab
702 662 956 729 exclamatione
977 664 996 748 ἦ
1012 661 1109 730 καλόν
1121 689 1155 747 γε
1165 654 1206 744 ἦν
1218 663 1289 748 ἐμοὶ
1305 661 1458 731 τεθνάναι

290 767 353 854 (IV
378 770 460 856 163),
484 767 627 836 alterius
651 769 714 855 (IV
730 770 806 857 239)
830 768 947 856 figura
969 772 1172 854 αλαγιααμοῦ
1195 768 1386 856 praemissa
1409 771 1454 836 ab

288 872 473 941 enuntiato
508 874 782 942 Demosthenica
816 877 871 943 vel
906 876 1056 944 oratoria
1084 876 1219 943 ratione
1247 876 1455 963 composito:

393 1001 444 1067 IV
460 1004 532 1067 239.
559 997 588 1068 εί
610 1002 668 1085 μὲν
690 1004 803 1086 ἑώρων
825 995 885 1090 τὴν
913 1005 1056 1078 σύνταξιν
1078 1005 1177 1087 ὑμῶν,
1201 1004 1261 1066 οὐκ
1284 995 1325 1068 tir
1340 1001 1458 1084 ἄλογον

289 1097 346 1195 τὴν
369 1095 473 1195 ὅρμην
495 1108 727 1192 ὑπελάμβανον.
751 1103 932 1194 οὐδὲνγὰρ
955 1111 1061 1181 οὕτως
1084 1111 1243 1192 συνίστησι
1258 1101 1319 1180 τάς
1333 1110 1457 1180 εὐνοίας

290 1201 335 1284 ὦς
365 1209 492 1299 τρόπων
522 1216 689 1302 συγγένεια
741 1222 797 1280 νῦν
830 1216 865 1280 δέ
1020 1214 1168 1281 eandem
1196 1235 1279 1281 vero
1306 1216 1455 1280 formam

290 1316 458 1404 prooemii
481 1341 551 1406 qua
573 1318 666 1386 inter
687 1318 785 1407 prius
801 1320 1024 1388 enuntiatum
1040 1331 1076 1388 et
1091 1319 1264 1407 posterius
1280 1320 1457 1387 sententia

288 1423 531 1512 interponitur,
555 1425 700 1494 adhibet
721 1428 899 1515 Josephus
922 1428 958 1495 in
983 1427 1043 1495 illa
1066 1427 1225 1496 oratione
1247 1427 1452 1515 panegyrici

289 1531 394 1599 modo
416 1556 436 1598 a
452 1554 535 1620 rege
550 1532 717 1622 Agrippa,
740 1544 781 1600 ut
795 1536 950 1620 Judaeos
966 1559 987 1602 a
1002 1536 1094 1602 bello
1110 1534 1302 1622 prohibeat,
1326 1533 1458 1617 habita,

291 1661 380 1726 quae
403 1637 528 1726 incipit
551 1640 595 1707 ab
618 1640 674 1706 his
697 1639 827 1708 verbis:

397 1767 432 1829 II
457 1768 529 1831 345.
563 1769 592 1832 εί
614 1767 673 1850 μὲν
700 1763 812 1850 ἑώρων
838 1765 964 1847 πάντας
990 1771 1076 1853 ὑμᾶς
1106 1769 1258 1852 πολεμεῖν
1285 1759 1482 1851 Ῥωμαίοις“

293 1861 497 1960 ὡρμημένους
529 1871 586 1938 καί
617 1865 663 1963 μὴ
694 1867 730 1940 ro
765 1875 989 1959 καθαρώτατον
1022 1873 1078 1940 καί
1113 1870 1371 1962 εἰλικρινέστατον
1403 1882 1460 1938 τοῦ

291 1974 397 2067 (λη’μου
425 1975 552 2066 εἰρήνην
580 1966 666 2068 ι’λμειν
691 1983 939 2066 προῃρημένους,
963 1971 1029 2046 οὔτ’
1042 1968 1083 2048 (λυ
1104 1982 1273 2070 παρῆλθον
1300 1977 1348 2060 εἷς
1374 1983 1462 2064 ὑμᾶς

292 2087 366 2150 οὔτε
397 2083 623 2170 συμβουλεύειν
654 2083 832 2174 ἐθάρρησα.
868 2081 1034 2173 (περισσὸς
1064 2082 1126 2176 γὰρ
1157 2093 1223 2166 πᾶς
1249 2084 1343 2176 λόγος
1366 2086 1460 2173 ....)

292 2189 364 2257 ἐπεὶ
397 2191 433 2258 δὲ
442 2192 466 2277 ²)
495 2243 673 2258 ......
701 2182 819 2283 ηλήθην
853 2195 920 2260 δεῖν
953 2195 1010 2259 ἐπί
1042 2189 1078 2260 τὸ
1113 2187 1189 2260 αὐτὸ
1224 2191 1344 2273 πάντας
1377 2196 1462 2278 ὑμᾶς

293 2290 480 2386 συναγαγών
503 2295 611 2365 εἰπεῖν
626 2285 648 2366 ἃ
664 2298 787 2384 νομίζω
803 2303 981 2384 συμφέρειν.

403 2405 519 2488 Quam
547 2406 696 2472 formam
723 2416 759 2472 et
786 2404 957 2473 rationem
985 2406 1107 2474 multis
1135 2405 1304 2493 exemplis
1329 2416 1461 2473 certam

295 2520 332 2576 et
353 2521 585 2578 contestatam
602 2534 682 2578 cum
698 2514 845 2601 longum
861 2512 908 2581 sit
923 2512 1096 2600 explicate
1111 2514 1307 2600 explanare,
1330 2536 1461 2600 paucos

293 2616 388 2683 locos
426 2639 565 2705 appono
602 2619 779 2687 variorum
812 2619 1020 2707 scriptorum
1055 2620 1342 2707 diversorumque
1376 2632 1462 2687 tem-

294 2745 431 2811 porum:

401 2829 526 2904 Livius
553 2836 640 2900 XXI
674 2838 711 2900 13
740 2838 800 2904 112.
828 2833 857 2900 si
881 2845 1096 2902 vester
1120 2834 1321 2917 rettulisset,
1344 2856 1463 2922 super-

296 2961 490 3006 vacaneum
517 2939 605 3006 mihi
634 2941 701 3006 hoc
729 2939 861 3024 fuisset,
889 2942 951 3007 sed
979 2962 1059 3007 cum
1161 2943 1201 3008 ct.
1225 2944 1332 3006 XXII
1357 2945 1408 3022 39,
1436 2946 1461 3008 l.

296 3048 462 3129 XXXIV,
487 3051 515 3130 2,
543 3052 567 3113 l.
592 3051 621 3131 5,
648 3052 675 3116 l.
692 3046 839 3134 saepius.
864 3047 1005 3115 Curtius
1027 3049 1142 3114 Rufus
1166 3051 1197 3116 V
1222 3052 1250 3131 8,
1275 3051 1302 3113 6.
1327 3047 1355 3113 si
1380 3069 1461 3113 cum

236 3238 237 3241 Ἴ
297 3150 438 3241 ignavis
461 3153 603 3221 fortuna
625 3175 682 3220 me
704 3153 886 3231 iunxisset,
910 3166 1060 3222 tacerem
1083 3153 1201 3242 potius
1226 3207 1283 3224 ...

403 3280 576 3345 Isocrates
593 3283 622 3362 6,
634 3283 662 3344 2.

404 3382 434 3453 τί
447 3388 507 3470 μέν
528 3411 575 3458 τις
596 3385 694 3464 ἀξίως
717 3387 853 3471 εἰρηκὼς
875 3387 922 3471 ἦν,
945 3388 1066 3471 πολλὴν
1088 3390 1128 3455 ἂν
1150 3389 1282 3472 ἡσυχίαν
1298 3388 1384 3472 ἦγον,
1407 3395 1464 3452 νῦν

300 3485 329 3560 δ’
353 3495 441 3576 ὁρῶν
464 3543 471 3558 .
493 3544 500 3558 .
525 3493 654 3577 ἀνέστην
676 3544 683 3558 .
708 3543 715 3557 .
738 3497 759 3558 ἃ
782 3496 956 3582 γιγνώσιω.

271 3591 274 3596 ’
405 3597 634 3671 Lesbonactis
655 3601 816 3673 πολιτικός
839 3604 863 3666 1.

404 3709 434 3772 εί
451 3708 510 3790 μὲν
533 3709 647 3790 ἑώρων
670 3757 676 3770 .
701 3757 707 3771 .
730 3758 737 3772 .

411 3920 435 4006 ¹)
459 3927 552 3984 schol.
568 3925 598 3983 in
613 3925 770 3984 Demosth.
786 3926 906 4003 Olynth.
918 3928 960 3986 111
977 3928 1156 4007 Volkmann,
1171 3926 1336 3986 Rbetorik²
1351 3947 1380 4002 p.
1393 3926 1466 3986 147.

408 4013 434 4092 ²)
458 4014 496 4073 de
525 4016 671 4090 oppositis
699 4016 858 4074 enuntiatis
891 4008 980 4097 εἶμέν
1013 4011 1108 4080 νῦνδὲ
1142 4016 1179 4075 cs.
1212 4015 1465 4075 Rehdantlass

302 4105 507 4181 Anogewahlte
536 4104 642 4163 Reden
682 4105 736 4163 des
765 4104 989 4165 Demosthenes
1019 4106 1061 4164 IV
1089 4106 1101 4166 l
1138 4108 1225 4164 Anm.
1256 4106 1465 4182 Hermogenes

301 4192 331 4262 3,
351 4192 411 4255 148
435 4210 470 4235 Ν
491 4195 566 4253 rhet.
589 4193 642 4256 Gr.
660 4194 688 4252 11
709 4213 739 4271 p.
762 4193 826 4256 237
850 4195 899 4272 Sp.
