<?xml version="1.0" encoding="UTF-8"?>
<!DOCTYPE html PUBLIC "-//W3C//DTD XHTML 1.0 Transitional//EN"
    "http://www.w3.org/TR/xhtml1/DTD/xhtml1-transitional.dtd">
<html xmlns="http://www.w3.org/1999/xhtml" xml:lang="en" lang="en">
 <head>
  <title>
</title>
<meta http-equiv="Content-Type" content="text/html;charset=utf-8" />
  <meta name='ocr-system' content='tesseract 3.04.00' />
  <meta name='ocr-capabilities' content='ocr_page ocr_carea ocr_par ocr_line ocrx_word'/>
</head>
<body>
  <div class='ocr_page' id='page_1' title='image "./deflaviiiosephi01wolfgoog_0060.png"; bbox 0 0 3120 4958; ppageno 0'>
   <div class='ocr_carea' id='block_1_1' title="bbox 565 343 789 407">
    <p class='ocr_par' dir='ltr' id='par_1_1' title="bbox 565 343 789 407">
     <span class='ocr_line' id='line_1_1' title="bbox 565 343 789 407; baseline 0.009 -19"><span class='ocrx_word' id='word_1_1' title='bbox 565 343 789 407; x_wconf 77' lang='grc'><strong>,53-</strong></span> 
     </span>
    </p>
   </div>
   <div class='ocr_carea' id='block_1_2' title="bbox 376 549 990 639">
    <p class='ocr_par' dir='ltr' id='par_1_2' title="bbox 376 549 990 639">
     <span class='ocr_line' id='line_1_2' title="bbox 376 549 990 639; baseline -0.002 -21"><span class='ocrx_word' id='word_1_2' title='bbox 376 549 605 639; x_wconf 85' lang='lat' dir='ltr'><strong>coniungunt</strong></span> <span class='ocrx_word' id='word_1_3' title='bbox 628 551 802 619; x_wconf 87' lang='lat' dir='ltr'><strong>vocabula</strong></span> <span class='ocrx_word' id='word_1_4' title='bbox 824 554 990 619; x_wconf 79' lang='grc' dir='ltr'><strong><em>οὕτε-οὔτε.</em></strong></span> 
     </span>
    </p>
   </div>
   <div class='ocr_carea' id='block_1_3' title="bbox 80 692 1270 1955">
    <p class='ocr_par' dir='ltr' id='par_1_3' title="bbox 80 692 1270 1530">
     <span class='ocr_line' id='line_1_3' title="bbox 197 692 1270 781; baseline 0.001 -18"><span class='ocrx_word' id='word_1_5' title='bbox 197 700 273 763; x_wconf 81' lang='grc' dir='ltr'><strong><em>οὔτε</em></strong></span> <span class='ocrx_word' id='word_1_6' title='bbox 297 693 399 764; x_wconf 86' lang='grc' dir='ltr'><strong><em>δειλία</em></strong></span> <span class='ocrx_word' id='word_1_7' title='bbox 422 698 493 763; x_wconf 81' lang='grc' dir='ltr'><strong><em>ούιε</em></strong></span> <span class='ocrx_word' id='word_1_8' title='bbox 508 696 690 781; x_wconf 79' lang='grc' dir='ltr'><strong><em>λιπανδρία</em></strong></span> <span class='ocrx_word' id='word_1_9' title='bbox 705 698 824 762; x_wconf 82' lang='lat'>11142.</span> <span class='ocrx_word' id='word_1_10' title='bbox 858 699 934 763; x_wconf 77' lang='grc' dir='ltr'><strong><em>οὔτε</em></strong></span> <span class='ocrx_word' id='word_1_11' title='bbox 950 698 1078 781; x_wconf 76' lang='grc' dir='ltr'><strong><em>ἁρπαγὴ</em></strong></span> <span class='ocrx_word' id='word_1_12' title='bbox 1094 699 1166 765; x_wconf 86' lang='grc' dir='ltr'><strong><em>ούτε</em></strong></span> <span class='ocrx_word' id='word_1_13' title='bbox 1181 692 1270 764; x_wconf 80' lang='grc' dir='ltr'><strong><em>αίκία</em></strong></span> 
     </span>
     <span class='ocr_line' id='line_1_4' title="bbox 81 803 1270 892; baseline 0.002 -23"><span class='ocrx_word' id='word_1_14' title='bbox 81 804 214 870; x_wconf 82' lang='lat'>11277.</span> <span class='ocrx_word' id='word_1_15' title='bbox 243 806 315 871; x_wconf 78' lang='grc' dir='ltr'><strong><em>οίπε</em></strong></span> <span class='ocrx_word' id='word_1_16' title='bbox 330 803 417 888; x_wconf 78' lang='grc' dir='ltr'><em>ἰσχὺς</em></span> <span class='ocrx_word' id='word_1_17' title='bbox 432 806 504 871; x_wconf 79' lang='grc' dir='ltr'><strong><em>οὔτε</em></strong></span> <span class='ocrx_word' id='word_1_18' title='bbox 519 805 643 876; x_wconf 77' lang='grc' dir='ltr'><em>σύνεσις</em></span> <span class='ocrx_word' id='word_1_19' title='bbox 659 804 802 870; x_wconf 84' lang='lat'>111276.</span> <span class='ocrx_word' id='word_1_20' title='bbox 830 805 905 870; x_wconf 84' lang='grc' dir='ltr'><strong><em>οὕτε</em></strong></span> <span class='ocrx_word' id='word_1_21' title='bbox 919 811 1025 892; x_wconf 74' lang='grc' dir='ltr'><em>φυγῆς</em></span> <span class='ocrx_word' id='word_1_22' title='bbox 1040 805 1111 870; x_wconf 84' lang='grc' dir='ltr'><strong><em>ούιε</em></strong></span> <span class='ocrx_word' id='word_1_23' title='bbox 1126 805 1270 880; x_wconf 77' lang='grc' dir='ltr'><strong><em>διώξεως</em></strong></span> 
     </span>
     <span class='ocr_line' id='line_1_5' title="bbox 82 907 1270 995; baseline 0 -18"><span class='ocrx_word' id='word_1_24' title='bbox 82 910 141 977; x_wconf 89' lang='lat' dir='ltr'><strong><em>VI</em></strong></span> <span class='ocrx_word' id='word_1_25' title='bbox 157 914 229 977; x_wconf 84' lang='lat'>144.</span> <span class='ocrx_word' id='word_1_26' title='bbox 254 913 327 976; x_wconf 84' lang='grc' dir='ltr'><strong><em>οὔτε</em></strong></span> <span class='ocrx_word' id='word_1_27' title='bbox 338 912 522 994; x_wconf 77' lang='grc' dir='ltr'><strong><em>παραίνεσις</em></strong></span> <span class='ocrx_word' id='word_1_28' title='bbox 537 912 609 976; x_wconf 78' lang='grc' dir='ltr'><strong><em>οὔτε</em></strong></span> <span class='ocrx_word' id='word_1_29' title='bbox 624 911 739 995; x_wconf 79' lang='grc' dir='ltr'><strong><em>ἀπειλή</em></strong></span> <span class='ocrx_word' id='word_1_30' title='bbox 746 912 797 978; x_wconf 91' lang='lat' dir='ltr'><strong><em>VI</em></strong></span> <span class='ocrx_word' id='word_1_31' title='bbox 811 913 884 976; x_wconf 87' lang='grc'><strong>257.</strong></span> <span class='ocrx_word' id='word_1_32' title='bbox 908 912 1078 983; x_wconf 80' lang='grc' dir='ltr'><strong><em>οὕτεέλεος</em></strong></span> <span class='ocrx_word' id='word_1_33' title='bbox 1087 907 1270 984; x_wconf 79' lang='grc' dir='ltr'><strong><em>ούιεαίδώς</em></strong></span> 
     </span>
     <span class='ocr_line' id='line_1_6' title="bbox 82 1017 1270 1102; baseline 0 -20"><span class='ocrx_word' id='word_1_34' title='bbox 82 1018 126 1082; x_wconf 87' lang='grc' dir='ltr'><strong><em>ΙΙ</em></strong></span> <span class='ocrx_word' id='word_1_35' title='bbox 141 1019 214 1082; x_wconf 85' lang='grc'><strong>496.</strong></span> <span class='ocrx_word' id='word_1_36' title='bbox 244 1019 320 1082; x_wconf 78' lang='grc' dir='ltr'><strong><em>οὔτε</em></strong></span> <span class='ocrx_word' id='word_1_37' title='bbox 334 1017 436 1100; x_wconf 86' lang='grc' dir='ltr'><strong><em>φειδὼ</em></strong></span> <span class='ocrx_word' id='word_1_38' title='bbox 452 1020 524 1082; x_wconf 78' lang='grc' dir='ltr'><strong><em>οὔτε</em></strong></span> <span class='ocrx_word' id='word_1_39' title='bbox 540 1019 628 1090; x_wconf 78' lang='grc' dir='ltr'><strong><em>ἔλεος</em></strong></span> <span class='ocrx_word' id='word_1_40' title='bbox 643 1019 698 1083; x_wconf 89' lang='grc' dir='ltr'><strong><em>ΙΙΙ</em></strong></span> <span class='ocrx_word' id='word_1_41' title='bbox 712 1020 785 1083; x_wconf 89' lang='grc'><strong>329.</strong></span> <span class='ocrx_word' id='word_1_42' title='bbox 816 1020 887 1082; x_wconf 77' lang='grc' dir='ltr'><strong><em>οὔτε</em></strong></span> <span class='ocrx_word' id='word_1_43' title='bbox 901 1019 1043 1102; x_wconf 83' lang='grc' dir='ltr'><strong><em>μαλακία</em></strong></span> <span class='ocrx_word' id='word_1_44' title='bbox 1058 1020 1133 1083; x_wconf 77' lang='grc' dir='ltr'><strong><em>οὔτε</em></strong></span> <span class='ocrx_word' id='word_1_45' title='bbox 1148 1019 1270 1101; x_wconf 76' lang='grc' dir='ltr'><strong><em>ἀγένεια</em></strong></span> 
     </span>
     <span class='ocr_line' id='line_1_7' title="bbox 86 1123 1270 1210; baseline 0.002 -22"><span class='ocrx_word' id='word_1_46' title='bbox 86 1124 127 1188; x_wconf 96' lang='lat' dir='ltr'><strong><em>II</em></strong></span> <span class='ocrx_word' id='word_1_47' title='bbox 152 1126 225 1190; x_wconf 92' lang='grc'><strong>373.</strong></span> <span class='ocrx_word' id='word_1_48' title='bbox 273 1126 350 1190; x_wconf 82' lang='grc' dir='ltr'><strong><em>οὔτε</em></strong></span> <span class='ocrx_word' id='word_1_49' title='bbox 376 1123 478 1207; x_wconf 78' lang='grc' dir='ltr'><strong><em>βουλὴ</em></strong></span> <span class='ocrx_word' id='word_1_50' title='bbox 508 1126 583 1189; x_wconf 82' lang='grc' dir='ltr'><strong><em>οὔτε</em></strong></span> <span class='ocrx_word' id='word_1_51' title='bbox 605 1123 725 1208; x_wconf 83' lang='grc' dir='ltr'><strong><em>πρᾶξις</em></strong></span> <span class='ocrx_word' id='word_1_52' title='bbox 756 1125 808 1191; x_wconf 92' lang='lat' dir='ltr'><strong><em>IV</em></strong></span> <span class='ocrx_word' id='word_1_53' title='bbox 832 1127 904 1190; x_wconf 87' lang='lat'>214.</span> <span class='ocrx_word' id='word_1_54' title='bbox 956 1127 1030 1191; x_wconf 86' lang='grc' dir='ltr'><strong><em>οὔτε</em></strong></span> <span class='ocrx_word' id='word_1_55' title='bbox 1052 1126 1181 1210; x_wconf 79' lang='grc' dir='ltr'><strong><em>νύκτωρ</em></strong></span> <span class='ocrx_word' id='word_1_56' title='bbox 1196 1127 1270 1190; x_wconf 77' lang='grc' dir='ltr'><strong><em>οὔτε</em></strong></span> 
     </span>
     <span class='ocr_line' id='line_1_8' title="bbox 80 1217 1270 1321; baseline 0 -25"><span class='ocrx_word' id='word_1_57' title='bbox 80 1219 166 1316; x_wconf 74' lang='grc' dir='ltr'><strong><em>μεθ’</em></strong></span> <span class='ocrx_word' id='word_1_58' title='bbox 189 1232 313 1315; x_wconf 70' lang='grc' dir='ltr'><strong><em>ἡμέραν</em></strong></span> <span class='ocrx_word' id='word_1_59' title='bbox 336 1228 390 1295; x_wconf 90' lang='grc' dir='ltr'><strong><em>ΙΙΙ</em></strong></span> <span class='ocrx_word' id='word_1_60' title='bbox 416 1233 465 1296; x_wconf 86' lang='grc'><strong><em>62.</em></strong></span> <span class='ocrx_word' id='word_1_61' title='bbox 512 1217 586 1296; x_wconf 72' lang='grc' dir='ltr'><strong><em>οἵτε</em></strong></span> <span class='ocrx_word' id='word_1_62' title='bbox 609 1233 732 1321; x_wconf 78' lang='grc' dir='ltr'><strong><em>οἰκέτην</em></strong></span> <span class='ocrx_word' id='word_1_63' title='bbox 747 1218 821 1298; x_wconf 76' lang='grc' dir='ltr'><strong><em>ούτε</em></strong></span> <span class='ocrx_word' id='word_1_64' title='bbox 836 1232 1034 1318; x_wconf 72' lang='grc' dir='ltr'><strong><em>θεράπαιναν</em></strong></span> <span class='ocrx_word' id='word_1_65' title='bbox 1049 1234 1066 1296; x_wconf 90' lang='grc' dir='ltr'>Ι</span> <span class='ocrx_word' id='word_1_66' title='bbox 1079 1234 1152 1297; x_wconf 87' lang='grc'><strong>585.</strong></span> <span class='ocrx_word' id='word_1_67' title='bbox 1199 1233 1270 1296; x_wconf 83' lang='grc' dir='ltr'><strong><em>αύτε</em></strong></span> 
     </span>
     <span class='ocr_line' id='line_1_9' title="bbox 83 1324 1270 1426; baseline 0.002 -24"><span class='ocrx_word' id='word_1_68' title='bbox 83 1338 190 1425; x_wconf 77' lang='grc' dir='ltr'><strong><em>ἀρετὴ</em></strong></span> <span class='ocrx_word' id='word_1_69' title='bbox 223 1324 297 1403; x_wconf 70' lang='lat' dir='ltr'><strong><em>oin</em></strong></span> <span class='ocrx_word' id='word_1_70' title='bbox 328 1336 480 1421; x_wconf 77' lang='grc' dir='ltr'><strong><em>εὐτολμία</em></strong></span> <span class='ocrx_word' id='word_1_71' title='bbox 508 1338 578 1404; x_wconf 86' lang='lat' dir='ltr'><strong><em>VII</em></strong></span> <span class='ocrx_word' id='word_1_72' title='bbox 603 1340 676 1403; x_wconf 86' lang='grc'><strong>342.</strong></span> <span class='ocrx_word' id='word_1_73' title='bbox 724 1339 801 1404; x_wconf 86' lang='grc' dir='ltr'><strong><em>ούτε</em></strong></span> <span class='ocrx_word' id='word_1_74' title='bbox 827 1341 998 1426; x_wconf 85' lang='grc' dir='ltr'><strong><em>τεκμήριον</em></strong></span> <span class='ocrx_word' id='word_1_75' title='bbox 1032 1327 1107 1406; x_wconf 69' lang='lat' dir='ltr'><strong>olins</strong></span> <span class='ocrx_word' id='word_1_76' title='bbox 1141 1339 1270 1423; x_wconf 76' lang='grc' dir='ltr'><strong><em>ἔλεγχος</em></strong></span> 
     </span>
     <span class='ocr_line' id='line_1_10' title="bbox 87 1431 1025 1530; baseline 0.002 -21"><span class='ocrx_word' id='word_1_77' title='bbox 87 1444 144 1511; x_wconf 83' lang='grc' dir='ltr'><strong><em>ιν</em></strong></span> <span class='ocrx_word' id='word_1_78' title='bbox 160 1445 233 1509; x_wconf 80' lang='lat' dir='ltr'><strong>aas.</strong></span> <span class='ocrx_word' id='word_1_79' title='bbox 280 1446 355 1509; x_wconf 66' lang='grc' dir='ltr'><strong><em>ειη</em></strong></span> <span class='ocrx_word' id='word_1_80' title='bbox 378 1442 520 1527; x_wconf 65' lang='lat' dir='ltr'><strong>napata</strong></span> <span class='ocrx_word' id='word_1_81' title='bbox 543 1431 619 1511; x_wconf 65' lang='grc' dir='ltr'><strong><em>οὔτε</em></strong></span> <span class='ocrx_word' id='word_1_82' title='bbox 641 1447 764 1530; x_wconf 66' lang='grc' dir='ltr'><strong><em>πρέποι</em></strong></span> <span class='ocrx_word' id='word_1_83' title='bbox 786 1445 891 1513; x_wconf 83' lang='lat' dir='ltr'><strong>1vs³</strong></span> <span class='ocrx_word' id='word_1_84' title='bbox 915 1471 951 1500; x_wconf 66' lang='grc' dir='ltr'><strong><em>ω</em></strong></span> <span class='ocrx_word' id='word_1_85' title='bbox 975 1448 1025 1512; x_wconf 84' lang='grc' dir='ltr'><strong><em>ει.</em></strong></span> 
     </span>
    </p>

    <p class='ocr_par' dir='ltr' id='par_1_4' title="bbox 82 1552 1270 1955">
     <span class='ocr_line' id='line_1_11' title="bbox 198 1552 1270 1622; baseline 0.004 -5"><span class='ocrx_word' id='word_1_86' title='bbox 198 1553 271 1617; x_wconf 67' lang='lat' dir='ltr'><strong><em>otu</em></strong></span> <span class='ocrx_word' id='word_1_87' title='bbox 296 1552 431 1616; x_wconf 80' lang='grc' dir='ltr'><strong><em>κωλύειν</em></strong></span> <span class='ocrx_word' id='word_1_88' title='bbox 457 1553 528 1616; x_wconf 75' lang='grc' dir='ltr'><strong><em>οὔτε</em></strong></span> <span class='ocrx_word' id='word_1_89' title='bbox 555 1555 727 1618; x_wconf 78' lang='grc' dir='ltr'><strong><em>νουθετεῖν</em></strong></span> <span class='ocrx_word' id='word_1_90' title='bbox 753 1552 804 1619; x_wconf 92' lang='lat' dir='ltr'><strong><em>VI</em></strong></span> <span class='ocrx_word' id='word_1_91' title='bbox 829 1556 901 1618; x_wconf 89' lang='grc'><strong>335.</strong></span> <span class='ocrx_word' id='word_1_92' title='bbox 952 1554 1026 1620; x_wconf 76' lang='grc' dir='ltr'><strong><em>οὔτε</em></strong></span> <span class='ocrx_word' id='word_1_93' title='bbox 1052 1554 1171 1620; x_wconf 86' lang='grc' dir='ltr'><strong><em>κλαίειν</em></strong></span> <span class='ocrx_word' id='word_1_94' title='bbox 1198 1557 1270 1622; x_wconf 72' lang='grc' dir='ltr'><strong><em>οὔτε</em></strong></span> 
     </span>
     <span class='ocr_line' id='line_1_12' title="bbox 84 1658 1270 1746; baseline 0.004 -24"><span class='ocrx_word' id='word_1_95' title='bbox 84 1658 222 1723; x_wconf 77' lang='grc' dir='ltr'><strong><em>θάπτειν</em></strong></span> <span class='ocrx_word' id='word_1_96' title='bbox 248 1659 299 1725; x_wconf 90' lang='lat' dir='ltr'><strong><em>IV</em></strong></span> <span class='ocrx_word' id='word_1_97' title='bbox 323 1660 396 1723; x_wconf 90' lang='grc'><strong>331.</strong></span> <span class='ocrx_word' id='word_1_98' title='bbox 448 1659 521 1724; x_wconf 77' lang='grc' dir='ltr'><strong><em>οἵτε</em></strong></span> <span class='ocrx_word' id='word_1_99' title='bbox 545 1660 689 1741; x_wconf 86' lang='grc' dir='ltr'><strong><em>φονεύειν</em></strong></span> <span class='ocrx_word' id='word_1_100' title='bbox 717 1661 788 1725; x_wconf 80' lang='grc' dir='ltr'><strong><em>οὔτε</em></strong></span> <span class='ocrx_word' id='word_1_101' title='bbox 816 1661 996 1746; x_wconf 82' lang='grc' dir='ltr'><strong><em>διαρπάζειν</em></strong></span> <span class='ocrx_word' id='word_1_102' title='bbox 1023 1661 1092 1727; x_wconf 92' lang='lat' dir='ltr'><strong><em>VII</em></strong></span> <span class='ocrx_word' id='word_1_103' title='bbox 1121 1663 1146 1726; x_wconf 92' lang='grc'><strong><em>1.</em></strong></span> <span class='ocrx_word' id='word_1_104' title='bbox 1198 1663 1270 1727; x_wconf 73' lang='grc' dir='ltr'><strong><em>οὔτε</em></strong></span> 
     </span>
     <span class='ocr_line' id='line_1_13' title="bbox 83 1757 1267 1851; baseline 0.003 -22"><span class='ocrx_word' id='word_1_105' title='bbox 83 1757 229 1830; x_wconf 66' lang='grc' dir='ltr'><strong><em>ἱκετεύω</em></strong></span> <span class='ocrx_word' id='word_1_106' title='bbox 246 1766 317 1830; x_wconf 66' lang='grc' dir='ltr'><strong><em>οὔτε</em></strong></span> <span class='ocrx_word' id='word_1_107' title='bbox 333 1764 466 1846; x_wconf 81' lang='grc' dir='ltr'><strong><em>δακρύω</em></strong></span> <span class='ocrx_word' id='word_1_108' title='bbox 483 1765 534 1830; x_wconf 93' lang='lat' dir='ltr'><strong><em>VI</em></strong></span> <span class='ocrx_word' id='word_1_109' title='bbox 551 1766 624 1829; x_wconf 91' lang='grc'><strong>304.</strong></span> <span class='ocrx_word' id='word_1_110' title='bbox 650 1767 721 1830; x_wconf 79' lang='grc' dir='ltr'><strong><em>οὔτε</em></strong></span> <span class='ocrx_word' id='word_1_111' title='bbox 736 1767 831 1832; x_wconf 80' lang='grc' dir='ltr'><strong><em>θύειν</em></strong></span> <span class='ocrx_word' id='word_1_112' title='bbox 846 1768 920 1832; x_wconf 76' lang='grc' dir='ltr'><strong><em>οὗτε</em></strong></span> <span class='ocrx_word' id='word_1_113' title='bbox 936 1773 1130 1851; x_wconf 75' lang='grc' dir='ltr'><strong><em>προσκυνεῖν</em></strong></span> <span class='ocrx_word' id='word_1_114' title='bbox 1146 1768 1181 1833; x_wconf 94' lang='lat' dir='ltr'><strong><em>II</em></strong></span> <span class='ocrx_word' id='word_1_115' title='bbox 1195 1771 1267 1833; x_wconf 91' lang='grc'><strong>414.</strong></span> 
     </span>
     <span class='ocr_line' id='line_1_14' title="bbox 82 1868 892 1955; baseline 0.002 -19"><span class='ocrx_word' id='word_1_116' title='bbox 82 1871 162 1937; x_wconf 74' lang='grc' dir='ltr'><strong><em>οὔτε</em></strong></span> <span class='ocrx_word' id='word_1_117' title='bbox 183 1868 372 1954; x_wconf 69' lang='grc' dir='ltr'><strong><em>προστιθεὶς</em></strong></span> <span class='ocrx_word' id='word_1_118' title='bbox 396 1872 468 1936; x_wconf 79' lang='grc' dir='ltr'><strong><em>οὔτε</em></strong></span> <span class='ocrx_word' id='word_1_119' title='bbox 491 1870 785 1955; x_wconf 82' lang='grc' dir='ltr'><strong><em>ἀποκρεπτόμενος</em></strong></span> <span class='ocrx_word' id='word_1_120' title='bbox 808 1874 892 1938; x_wconf 84' lang='grc'><strong>126.</strong></span> 
     </span>
    </p>
   </div>
   <div class='ocr_carea' id='block_1_4' title="bbox 198 2069 1268 2298">
    <p class='ocr_par' dir='ltr' id='par_1_5' title="bbox 198 2069 1268 2298">
     <span class='ocr_line' id='line_1_15' title="bbox 646 2069 713 2150; baseline 0.015 -1"><span class='ocrx_word' id='word_1_121' title='bbox 646 2069 713 2150; x_wconf 70' lang='grc'><strong>1-7·</strong></span> 
     </span>
     <span class='ocr_line' id='line_1_16' title="bbox 198 2209 1268 2298; baseline -0.029 -2"><span class='ocrx_word' id='word_1_122' title='bbox 198 2215 336 2295; x_wconf 69' lang='grc' dir='ltr'><em>ἦμῗσθς</em></span> <span class='ocrx_word' id='word_1_123' title='bbox 367 2215 387 2295; x_wconf 74' lang='grc' dir='ltr'><em>ἢ</em></span> <span class='ocrx_word' id='word_1_124' title='bbox 422 2211 643 2284; x_wconf 66' lang='lat'>050911478.</span> <span class='ocrx_word' id='word_1_125' title='bbox 690 2209 910 2297; x_wconf 79' lang='grc' dir='ltr'><strong><em>βέλος-σχεδία</em></strong></span> <span class='ocrx_word' id='word_1_126' title='bbox 939 2214 1079 2279; x_wconf 88' lang='grc'><strong>111527.</strong></span> <span class='ocrx_word' id='word_1_127' title='bbox 1125 2212 1268 2298; x_wconf 67' lang='grc' dir='ltr'><strong><em>μέμψις.</em></strong></span> 
     </span>
    </p>
   </div>
   <div class='ocr_carea' id='block_1_5' title="bbox 83 2319 1268 2515">
    <p class='ocr_par' dir='ltr' id='par_1_6' title="bbox 83 2319 1268 2515">
     <span class='ocr_line' id='line_1_17' title="bbox 83 2319 1268 2408; baseline 0 -24"><span class='ocrx_word' id='word_1_128' title='bbox 83 2320 268 2408; x_wconf 78' lang='grc' dir='ltr'><strong><em>κατηγορία</em></strong></span> <span class='ocrx_word' id='word_1_129' title='bbox 298 2319 314 2383; x_wconf 96' lang='lat' dir='ltr'>I</span> <span class='ocrx_word' id='word_1_130' title='bbox 340 2321 390 2384; x_wconf 89' lang='grc'><strong>30.</strong></span> <span class='ocrx_word' id='word_1_131' title='bbox 448 2320 840 2402; x_wconf 81' lang='grc' dir='ltr'><strong><em>πείσειν·ουναναγκάοειν</em></strong></span> <span class='ocrx_word' id='word_1_132' title='bbox 867 2321 918 2388; x_wconf 96' lang='lat' dir='ltr'><strong><em>IV</em></strong></span> <span class='ocrx_word' id='word_1_133' title='bbox 942 2322 992 2386; x_wconf 89' lang='lat'><strong><em>98.</em></strong></span> <span class='ocrx_word' id='word_1_134' title='bbox 1050 2325 1070 2406; x_wconf 72' lang='grc' dir='ltr'><em>ἢ</em></span> <span class='ocrx_word' id='word_1_135' title='bbox 1104 2323 1215 2404; x_wconf 84' lang='grc' dir='ltr'><strong><em>μεῖζον</em></strong></span> <span class='ocrx_word' id='word_1_136' title='bbox 1248 2322 1268 2404; x_wconf 82' lang='grc' dir='ltr'><strong><em>ἣ</em></strong></span> 
     </span>
     <span class='ocr_line' id='line_1_18' title="bbox 86 2426 487 2515; baseline 0 -26"><span class='ocrx_word' id='word_1_137' title='bbox 86 2426 322 2515; x_wconf 76' lang='grc' dir='ltr'><strong><em>φοβερώτερον</em></strong></span> <span class='ocrx_word' id='word_1_138' title='bbox 345 2426 487 2492; x_wconf 83' lang='lat' dir='ltr'>V1272.</span> 
     </span>
    </p>
   </div>
   <div class='ocr_carea' id='block_1_6' title="bbox 88 2600 1270 2886">
    <p class='ocr_par' dir='ltr' id='par_1_7' title="bbox 88 2600 1270 2886">
     <span class='ocr_line' id='line_1_19' title="bbox 201 2600 1269 2690; baseline 0.002 -22"><span class='ocrx_word' id='word_1_139' title='bbox 201 2600 341 2687; x_wconf 81' lang='lat' dir='ltr'><strong>Quibus</strong></span> <span class='ocrx_word' id='word_1_140' title='bbox 364 2603 470 2669; x_wconf 89' lang='lat' dir='ltr'><strong>rebus</strong></span> <span class='ocrx_word' id='word_1_141' title='bbox 494 2601 672 2690; x_wconf 85' lang='lat' dir='ltr'><strong>expositis,</strong></span> <span class='ocrx_word' id='word_1_142' title='bbox 696 2625 786 2690; x_wconf 89' lang='lat' dir='ltr'><strong>quae</strong></span> <span class='ocrx_word' id='word_1_143' title='bbox 809 2601 952 2690; x_wconf 87' lang='lat' dir='ltr'><strong>quidem</strong></span> <span class='ocrx_word' id='word_1_144' title='bbox 967 2601 1083 2690; x_wconf 87' lang='lat' dir='ltr'><strong>magis</strong></span> <span class='ocrx_word' id='word_1_145' title='bbox 1099 2601 1136 2669; x_wconf 91' lang='lat' dir='ltr'><strong><em>in</em></strong></span> <span class='ocrx_word' id='word_1_146' title='bbox 1154 2623 1269 2690; x_wconf 86' lang='lat' dir='ltr'><strong>genus</strong></span> 
     </span>
     <span class='ocr_line' id='line_1_20' title="bbox 88 2708 1270 2796; baseline 0.001 -21"><span class='ocrx_word' id='word_1_147' title='bbox 88 2708 368 2796; x_wconf 85' lang='lat' dir='ltr'><strong>grammaticum</strong></span> <span class='ocrx_word' id='word_1_148' title='bbox 405 2730 510 2796; x_wconf 87' lang='lat' dir='ltr'><strong>quam</strong></span> <span class='ocrx_word' id='word_1_149' title='bbox 536 2709 752 2778; x_wconf 86' lang='lat' dir='ltr'><strong>rhetoricum</strong></span> <span class='ocrx_word' id='word_1_150' title='bbox 776 2711 898 2778; x_wconf 89' lang='lat' dir='ltr'><strong>cadere</strong></span> <span class='ocrx_word' id='word_1_151' title='bbox 921 2708 1118 2793; x_wconf 88' lang='lat' dir='ltr'><strong>videantur,</strong></span> <span class='ocrx_word' id='word_1_152' title='bbox 1154 2720 1191 2777; x_wconf 90' lang='lat' dir='ltr'><strong><em>et</em></strong></span> <span class='ocrx_word' id='word_1_153' title='bbox 1213 2710 1270 2776; x_wconf 88' lang='lat' dir='ltr'><strong><em>de-</em></strong></span> 
     </span>
     <span class='ocr_line' id='line_1_21' title="bbox 88 2815 971 2886; baseline 0.002 -5"><span class='ocrx_word' id='word_1_154' title='bbox 88 2817 190 2883; x_wconf 85' lang='lat' dir='ltr'><strong>lectu</strong></span> <span class='ocrx_word' id='word_1_155' title='bbox 211 2816 400 2883; x_wconf 86' lang='lat' dir='ltr'><strong>verborum</strong></span> <span class='ocrx_word' id='word_1_156' title='bbox 424 2826 575 2885; x_wconf 84' lang='lat' dir='ltr'><strong>tractato</strong></span> <span class='ocrx_word' id='word_1_157' title='bbox 598 2838 695 2885; x_wconf 83' lang='lat' dir='ltr'><strong>nnnc</strong></span> <span class='ocrx_word' id='word_1_158' title='bbox 718 2815 904 2886; x_wconf 87' lang='lat' dir='ltr'><strong>veniamus</strong></span> <span class='ocrx_word' id='word_1_159' title='bbox 927 2818 971 2885; x_wconf 89' lang='lat' dir='ltr'><strong><em>ad</em></strong></span> 
     </span>
    </p>
   </div>
   <div class='ocr_carea' id='block_1_7' title="bbox 235 3005 1136 3096">
    <p class='ocr_par' dir='ltr' id='par_1_8' title="bbox 235 3005 1136 3096">
     <span class='ocr_line' id='line_1_22' title="bbox 235 3005 1136 3096; baseline -0.011 -14"><span class='ocrx_word' id='word_1_160' title='bbox 235 3012 548 3096; x_wconf 71' lang='lat' dir='ltr'><strong>compositionem</strong></span> <span class='ocrx_word' id='word_1_161' title='bbox 570 3009 769 3080; x_wconf 83' lang='lat' dir='ltr'><strong>verborum</strong></span> <span class='ocrx_word' id='word_1_162' title='bbox 792 3011 829 3076; x_wconf 89' lang='lat' dir='ltr'><strong><em>et</em></strong></span> <span class='ocrx_word' id='word_1_163' title='bbox 851 3005 1136 3089; x_wconf 79' lang='lat' dir='ltr'><strong>enuntiatorum,</strong></span> 
     </span>
    </p>
   </div>
   <div class='ocr_carea' id='block_1_8' title="bbox 90 3144 1269 3242">
    <p class='ocr_par' dir='ltr' id='par_1_9' title="bbox 90 3144 1269 3242">
     <span class='ocr_line' id='line_1_23' title="bbox 90 3144 1269 3242; baseline -0.006 -21"><span class='ocrx_word' id='word_1_164' title='bbox 90 3174 202 3242; x_wconf 88' lang='lat' dir='ltr'><strong>quam</strong></span> <span class='ocrx_word' id='word_1_165' title='bbox 236 3151 370 3220; x_wconf 90' lang='lat' dir='ltr'><strong>normis</strong></span> <span class='ocrx_word' id='word_1_166' title='bbox 404 3150 517 3218; x_wconf 80' lang='lat' dir='ltr'><strong>firmis</strong></span> <span class='ocrx_word' id='word_1_167' title='bbox 551 3148 761 3236; x_wconf 82' lang='lat' dir='ltr'><strong>legibusque</strong></span> <span class='ocrx_word' id='word_1_168' title='bbox 795 3145 1025 3215; x_wconf 85' lang='lat' dir='ltr'><strong>constitutam</strong></span> <span class='ocrx_word' id='word_1_169' title='bbox 1052 3147 1147 3235; x_wconf 84' lang='lat' dir='ltr'><strong>apud</strong></span> <span class='ocrx_word' id='word_1_170' title='bbox 1182 3144 1269 3214; x_wconf 86' lang='lat' dir='ltr'><strong>alios</strong></span> 
     </span>
    </p>
   </div>
   <div class='ocr_carea' id='block_1_9' title="bbox 89 3258 858 3454">
    <p class='ocr_par' dir='ltr' id='par_1_10' title="bbox 89 3258 858 3454">
     <span class='ocr_line' id='line_1_24' title="bbox 89 3258 858 3349; baseline -0.009 -20"><span class='ocrx_word' id='word_1_171' title='bbox 89 3281 236 3349; x_wconf 86' lang='lat' dir='ltr'><strong>quoqne</strong></span> <span class='ocrx_word' id='word_1_172' title='bbox 258 3258 446 3348; x_wconf 84' lang='lat' dir='ltr'><strong>scriptores</strong></span> <span class='ocrx_word' id='word_1_173' title='bbox 468 3259 586 3326; x_wconf 82' lang='lat' dir='ltr'><strong>valere</strong></span> <span class='ocrx_word' id='word_1_174' title='bbox 608 3277 670 3344; x_wconf 87' lang='lat' dir='ltr'><strong><em>per</em></strong></span> <span class='ocrx_word' id='word_1_175' title='bbox 693 3276 731 3322; x_wconf 87' lang='lat' dir='ltr'><strong><em>se</em></strong></span> <span class='ocrx_word' id='word_1_176' title='bbox 753 3265 858 3343; x_wconf 87' lang='lat' dir='ltr'><strong>patet</strong></span> 
     </span>
     <span class='ocr_line' id='line_1_25' title="bbox 202 3363 598 3454; baseline -0.013 -20"><span class='ocrx_word' id='word_1_177' title='bbox 202 3369 255 3434; x_wconf 88' lang='lat' dir='ltr'><strong><em>Ac</em></strong></span> <span class='ocrx_word' id='word_1_178' title='bbox 277 3365 432 3454; x_wconf 90' lang='lat' dir='ltr'><strong>primum</strong></span> <span class='ocrx_word' id='word_1_179' title='bbox 456 3363 598 3452; x_wconf 84' lang='lat' dir='ltr'><strong>quidem</strong></span> 
     </span>
    </p>
   </div>
   <div class='ocr_carea' id='block_1_10' title="bbox 613 3560 753 3629">
    <p class='ocr_par' dir='ltr' id='par_1_11' title="bbox 613 3560 753 3629">
     <span class='ocr_line' id='line_1_26' title="bbox 613 3560 753 3629; baseline 0 -1"><span class='ocrx_word' id='word_1_180' title='bbox 613 3560 753 3629; x_wconf 75' lang='lat' dir='ltr'><strong>oletum</strong></span> 
     </span>
    </p>
   </div>
   <div class='ocr_carea' id='block_1_11' title="bbox 89 3699 1271 4111">
    <p class='ocr_par' dir='ltr' id='par_1_12' title="bbox 89 3699 1271 4111">
     <span class='ocr_line' id='line_1_27' title="bbox 91 3699 1271 3792; baseline -0.006 -18"><span class='ocrx_word' id='word_1_181' title='bbox 91 3730 118 3775; x_wconf 87' lang='lat' dir='ltr'><strong>a</strong></span> <span class='ocrx_word' id='word_1_182' title='bbox 141 3705 300 3792; x_wconf 88' lang='lat' dir='ltr'><strong>Josepho</strong></span> <span class='ocrx_word' id='word_1_183' title='bbox 324 3702 361 3770; x_wconf 92' lang='lat' dir='ltr'><strong><em>in</em></strong></span> <span class='ocrx_word' id='word_1_184' title='bbox 385 3703 478 3770; x_wconf 86' lang='lat' dir='ltr'><strong>bello</strong></span> <span class='ocrx_word' id='word_1_185' title='bbox 501 3700 652 3788; x_wconf 89' lang='lat' dir='ltr'><strong>Judaico</strong></span> <span class='ocrx_word' id='word_1_186' title='bbox 675 3699 740 3769; x_wconf 91' lang='lat' dir='ltr'><strong>etsi</strong></span> <span class='ocrx_word' id='word_1_187' title='bbox 764 3721 836 3768; x_wconf 90' lang='lat' dir='ltr'><strong><em>non</em></strong></span> <span class='ocrx_word' id='word_1_188' title='bbox 860 3709 998 3790; x_wconf 83' lang='lat' dir='ltr'><strong>semper</strong></span> <span class='ocrx_word' id='word_1_189' title='bbox 1020 3721 1141 3769; x_wconf 87' lang='lat' dir='ltr'><strong>severe</strong></span> <span class='ocrx_word' id='word_1_190' title='bbox 1164 3709 1271 3788; x_wconf 84' lang='lat' dir='ltr'><strong>atque</strong></span> 
     </span>
     <span class='ocr_line' id='line_1_28' title="bbox 90 3804 1271 3898; baseline -0.004 -19"><span class='ocrx_word' id='word_1_191' title='bbox 90 3808 262 3898; x_wconf 84' lang='lat' dir='ltr'><strong>religiose</strong></span> <span class='ocrx_word' id='word_1_192' title='bbox 296 3831 373 3877; x_wconf 86' lang='lat' dir='ltr'><strong>esse</strong></span> <span class='ocrx_word' id='word_1_193' title='bbox 396 3808 559 3893; x_wconf 71' lang='lat' dir='ltr'><strong>vitatum,</strong></span> <span class='ocrx_word' id='word_1_194' title='bbox 595 3809 836 3888; x_wconf 82' lang='lat' dir='ltr'><strong>Benselerus1)</strong></span> <span class='ocrx_word' id='word_1_195' title='bbox 869 3804 907 3874; x_wconf 93' lang='lat' dir='ltr'><strong><em>in</em></strong></span> <span class='ocrx_word' id='word_1_196' title='bbox 941 3806 1149 3875; x_wconf 88' lang='lat' dir='ltr'><strong>universum</strong></span> <span class='ocrx_word' id='word_1_197' title='bbox 1176 3817 1271 3875; x_wconf 89' lang='lat' dir='ltr'><strong>recte</strong></span> 
     </span>
     <span class='ocr_line' id='line_1_29' title="bbox 89 3912 1271 4004; baseline -0.004 -19"><span class='ocrx_word' id='word_1_198' title='bbox 89 3914 282 4001; x_wconf 74' lang='lat' dir='ltr'><strong>intellexit,</strong></span> <span class='ocrx_word' id='word_1_199' title='bbox 304 3937 418 4004; x_wconf 89' lang='lat' dir='ltr'><strong>pauca</strong></span> <span class='ocrx_word' id='word_1_200' title='bbox 441 3913 585 3982; x_wconf 87' lang='lat' dir='ltr'><strong>Niesius</strong></span> <span class='ocrx_word' id='word_1_201' title='bbox 608 3913 645 3982; x_wconf 89' lang='lat' dir='ltr'><strong><em>in</em></strong></span> <span class='ocrx_word' id='word_1_202' title='bbox 662 3913 880 4003; x_wconf 76' lang='lat' dir='ltr'><strong>praefatione</strong></span> <span class='ocrx_word' id='word_1_203' title='bbox 895 3912 1040 3998; x_wconf 78' lang='lat' dir='ltr'><strong>addidit,</strong></span> <span class='ocrx_word' id='word_1_204' title='bbox 1063 3913 1101 3981; x_wconf 88' lang='lat' dir='ltr'><strong><em>in</em></strong></span> <span class='ocrx_word' id='word_1_205' title='bbox 1117 3912 1271 4001; x_wconf 77' lang='lat' dir='ltr'><strong>singulis</strong></span> 
     </span>
     <span class='ocr_line' id='line_1_30' title="bbox 90 4019 975 4111; baseline -0.005 -19"><span class='ocrx_word' id='word_1_206' title='bbox 90 4034 218 4093; x_wconf 84' lang='lat' dir='ltr'><strong>autern</strong></span> <span class='ocrx_word' id='word_1_207' title='bbox 241 4045 311 4111; x_wconf 88' lang='lat' dir='ltr'><strong><em>qua</em></strong></span> <span class='ocrx_word' id='word_1_208' title='bbox 334 4022 471 4091; x_wconf 90' lang='lat' dir='ltr'><strong>ratione</strong></span> <span class='ocrx_word' id='word_1_209' title='bbox 494 4043 580 4089; x_wconf 88' lang='lat' dir='ltr'><strong>usus</strong></span> <span class='ocrx_word' id='word_1_210' title='bbox 604 4019 652 4090; x_wconf 92' lang='lat' dir='ltr'><strong><em>sit</em></strong></span> <span class='ocrx_word' id='word_1_211' title='bbox 673 4044 770 4090; x_wconf 88' lang='lat' dir='ltr'><strong>nunc</strong></span> <span class='ocrx_word' id='word_1_212' title='bbox 793 4042 975 4108; x_wconf 82' lang='lat' dir='ltr'><strong>exponam</strong></span> 
     </span>
    </p>
   </div>
   <div class='ocr_carea' id='block_1_12' title="bbox 208 4183 930 4270">
    <p class='ocr_par' dir='ltr' id='par_1_13' title="bbox 208 4183 930 4270">
     <span class='ocr_line' id='line_1_31' title="bbox 208 4183 930 4270; baseline -0.003 -23"><span class='ocrx_word' id='word_1_213' title='bbox 208 4183 233 4270; x_wconf 85' lang='lat'><strong><em>¹)</em></strong></span> <span class='ocrx_word' id='word_1_214' title='bbox 254 4188 304 4248; x_wconf 91' lang='lat' dir='ltr'><strong><em>De</em></strong></span> <span class='ocrx_word' id='word_1_215' title='bbox 328 4190 411 4247; x_wconf 78' lang='lat' dir='ltr'><strong>hiatu</strong></span> <span class='ocrx_word' id='word_1_216' title='bbox 434 4190 465 4247; x_wconf 87' lang='lat' dir='ltr'><strong><em>in</em></strong></span> <span class='ocrx_word' id='word_1_217' title='bbox 489 4189 657 4247; x_wconf 80' lang='lat' dir='ltr'><strong>oratoribus</strong></span> <span class='ocrx_word' id='word_1_218' title='bbox 680 4188 787 4246; x_wconf 78' lang='lat' dir='ltr'><strong>Atticis</strong></span> <span class='ocrx_word' id='word_1_219' title='bbox 809 4206 839 4264; x_wconf 86' lang='lat' dir='ltr'><strong><em>p.</em></strong></span> <span class='ocrx_word' id='word_1_220' title='bbox 854 4185 930 4248; x_wconf 84' lang='lat'><strong>557.</strong></span> 
     </span>
    </p>
   </div>
   <div class='ocr_carea' id='block_1_13' title="bbox 0 0 1568 4958">
    <p class='ocr_par' dir='ltr' id='par_1_14' title="bbox 0 0 1568 4958">
     <span class='ocr_line' id='line_1_32' title="bbox 0 0 1568 4958; baseline 0 0"><span class='ocrx_word' id='word_1_221' title='bbox 0 0 1568 4958; x_wconf 95' lang='lat' dir='ltr'><strong><em> </em></strong></span> 
     </span>
    </p>
   </div>
  </div>
 </body>
</html>
