3120 4958
675 350 874 416 ..2-

194 555 254 649 qui
278 558 530 650 descriptiones
554 563 778 631 obsidionum
800 565 1056 632 mutuabantur
1071 575 1107 632 et
1122 561 1362 648 imitabantur,

195 668 264 735 hoc
290 669 367 736 loco
395 679 449 736 est
477 668 565 736 mihi
589 672 737 758 longum
760 670 946 758 explicare;
971 671 1094 760 quanti
1118 684 1236 739 autem
1261 670 1363 745 aesti-

192 785 311 842 matus
342 774 389 843 sit
420 787 457 844 et
488 799 594 864 quam
626 777 730 845 tritus
759 789 952 867 gratusque
979 778 1092 864 luerit,
1128 777 1362 865 intelligimus

194 904 239 949 ex
261 881 406 954 Eusebii
430 895 467 952 et
490 883 605 953 Photii
629 884 848 953 testimoniis.
859 887 881 974 ¹)

299 1066 446 1126 Eustathii
469 1069 709 1128 commentarii'
701 1088 731 1128 ιιι
756 1069 879 1146 Dionys.
902 1070 1050 1147 Perlegee.

301 1156 371 1218 112.
399 1154 499 1241 Φάρις
520 1157 588 1239 ῆτις
610 1153 672 1223 ἐστὶ
694 1163 790 1239 νῆσος
811 1154 847 1222 ἐν
869 1156 957 1240 δεξιᾷ
970 1157 1095 1240 κειμένη
1111 1143 1362 1237 Ἀλεξανδρείας,

191 1242 315 1331 πύργον
349 1241 508 1327 ἀνέχουσα
542 1246 599 1324 (εἰσ
628 1247 734 1306 LVRC
757 1242 836 1331 Lat)
858 1246 1013 1328 μέγιστον,
1045 1243 1277 1332 ἐκπυρσεύοντα
1298 1251 1364 1322 τοῖς

191 1330 434 1400 καταπλέουσιν.
480 1362 514 1386 ω
536 1336 579 1394 IV
602 1336 676 1398 613.

299 1423 374 1486 239.
396 1422 485 1487 ἄλλοι
508 1421 545 1488 δὲ
571 1423 625 1486 καλ
647 1428 787 1505 φυσικῶς
810 1417 1045 1506 ὠχορῶσθαι’
1036 1429 1238 1507 ιστοροῦντες
1260 1423 1363 1505 αὐτήν

192 1533 275 1593 φασι
297 1510 379 1577 κατὰ
402 1517 461 1598 γῆν
474 1535 510 1576 τε
527 1511 725 1596 δυσέμβολον
740 1513 817 1578 εἶναι
841 1513 896 1578 καλ
918 1511 998 1577 κατὰ
1021 1511 1058 1576 τά
1081 1511 1170 1598 πρὸς
1192 1511 1363 1577 θάλασσαν

193 1600 348 1683 ἀλίμενον.
394 1619 429 1643 Ν
452 1603 494 1661 1v
518 1603 591 1664 607.

298 1691 372 1754 254.
394 1687 467 1798 περὶ
490 1687 528 1772 ῆς
549 1690 603 1754 καλ
624 1690 729 1755 τοιάδε
750 1690 816 1754 τινὰ
839 1688 967 1773 λέγεται.

296 1765 522 1864 Ἀλεξάνδρεια
546 1779 642 1857 πόλις
665 1778 974 1889 πολυάνθρωπος*
955 1804 992 1862 ης
1015 1778 1144 1862 όλιμὴν
1166 1778 1259 1844 ναυσὶ
1285 1780 1360 1845 δυσ-

190 1866 345 1971 πρόσιτος.
379 1867 486 1938 στενός
507 1891 539 1931 τε
562 1867 622 1950 γὰρ
642 1868 697 1932 ἐπ’
714 1869 811 1933 αὐτὸν
825 1863 989 1941 εἴσπλους,
1009 1868 1063 1931 καί
1084 1869 1213 1950 πέτραις
1227 1869 1362 1950 ὑφάλοις

125 2019 128 2025 .
191 1956 250 2020 τὸν
283 1943 333 2019 ἐπ’
357 1955 441 2021 εὐθύ
464 1956 663 2021 διακόπτεται
697 1957 826 2039 δρόμον,
860 1957 975 2022 καὶτὸ
996 1957 1055 2038 μὲν
1078 1956 1240 2039 ἀριστερὸν
1263 1959 1361 2021 αυτοῦ

190 2046 373 2128 πέφρακται
405 2047 622 2158 χειροκμήτοις
655 2045 808 2119 σκέλεσιν,
842 2047 875 2109 ἕν
909 2045 945 2110 δὲ
968 2046 1055 2129 δεξιᾷ
1076 2047 1095 2128 ἡ
1119 2053 1216 2128 νῆσος
1253 2046 1363 2129 Φάρος

190 2134 370 2217 πρόκειται.
396 2135 604 2217 πυρσεύουσα
635 2142 701 2213 τοῖς
726 2135 873 2200 πλέουσιν
900 2134 1044 2216 πρὸς
1015 2159 1071 2217 την
1102 2135 1282 2217 δυσχέρειαν
1304 2143 1361 2198 τοῦ

190 2222 352 2288 κατάπλου
387 2223 458 2305 περὶ
486 2223 521 2287 δὲ
553 2224 609 2306 τὴν
630 2231 726 2306 νῆσον
747 2225 880 2306 μέγιστα
902 2224 1131 2307 καταβέβληται
1153 2225 1361 2306 χειροποίητα

189 2313 285 2395 τείχη,
320 2311 368 2390 οἷς
401 2309 457 2377 καὶ
490 2313 784 2396 προσαρασσόμενα
817 2313 857 2377 τά
887 2314 1016 2395 κύματα
1039 2313 1093 2377 καλ
1116 2313 1361 2425 ἀμφιαγνύμενα

191 2400 419 2484 ἐκτραχύνουσι
449 2400 504 2464 τὸν
534 2401 636 2485 πόρον
668 2402 723 2467 καὶ
756 2401 920 2484 σφαλερὰν
949 2401 999 2466 διά
1023 2408 1132 2465 στενοῦ
1155 2402 1211 2484 τῆν
1233 2402 1361 2467 εἴσοδον

190 2487 430 2600 ἀπεργάζονται.
461 2491 480 2552 ὁ
502 2490 610 2572 μέντοι
632 2491 726 2574 λιμὴν
748 2491 835 2569 ἐντὸς
858 2491 1002 2574 ἀσφαλὴς
1024 2490 1078 2553 καλ
1099 2491 1267 2575 τριάκοντα
1284 2513 1359 2555 στα·

190 2575 282 2650 δίους
317 2579 409 2644 ἔνδον
440 2579 504 2661 ἔχει
537 2579 576 2644 τὸ
608 2581 818 2662 μέγεθοςΝ
851 2582 971 2658 Ioseph·
999 2585 1028 2640 b
1051 2583 1074 2639 Ι·
1097 2582 1138 2639 IV
1173 2582 1275 2642 612-
1284 2582 1359 2644 615

191 2667 396 2754 δυσπρόσιτος
419 2668 454 2732 δὲ
476 2668 548 2751 λιμὴ
551 2693 569 2732 ν
529 2668 681 2750 ὴναυσλ
703 2670 755 2734 καί
770 2691 865 2734 κατε
865 2656 1230 2780 ἶρῆγηνᾌλεξανδρείας
1255 2669 1361 2739 στενός

189 2780 223 2822 τε
267 2756 308 2840 ἀρ
331 2757 475 2827 εἴσπλους
496 2758 549 2821 καλ
573 2759 713 2841 πέτροις
735 2758 921 2840 ὑφάλοις
890 2782 945 2821 τον
967 2746 1016 2821 ἐπ’
1032 2756 1115 2822 εὐθὺ
1138 2758 1361 2840 καμπτόμενος

191 2783 315 2929 δρόμον
338 2844 487 2931 (Euatath
511 2846 728 2926 διακόπτεται).

142 2977 147 2984 -
298 2937 371 2999 614.
394 2936 642 3022 ἀμφαγνύμενον
665 2936 849 3019 ἐκτραχύνει
872 2936 925 2999 καλ
941 2933 1165 3020 ἀπεργάζεται.
1213 2938 1360 3014 (Eustath.

191 3024 440 3114 άμφιαγνύμενα
468 3025 646 3107 ἐκτραχύνει
669 3023 725 3089 καὶ
753 3026 994 3112 ἀπεργάζονται)
1018 3027 1127 3104 quibus
1151 3046 1168 3085 e
1192 3029 1291 3085 verbis
1315 3028 1358 3084 fa-

191 3118 249 3175 cile
284 3125 385 3193 potest
419 3117 570 3193 cognosci,
604 3116 791 3174 Eustathium
823 3135 883 3176 non
916 3117 1103 3174 adverbum
1126 3119 1210 3175 locos
1234 3118 1359 3175 laudare

191 3203 243 3287 (ολ
265 3205 299 3264 L
322 3205 409 3264 Cohn
432 3206 513 3282 apud
537 3208 638 3282 Pauly
628 3207 782 3264 Wrsaowa
806 3207 847 3263 Vl
869 3226 899 3281 p
926 3200 1032 3288 1465)

303 3290 348 3396 ¹)
349 3295 498 3353 Eusebius
521 3296 586 3356 hist
603 3295 724 3365 eccl.,3
752 3294 781 3363 9,
805 3294 834 3354 2.
863 3291 1056 3400 μάλισταδὲ
1077 3296 1141 3356 τῶν
1163 3315 1222 3356 κατ
1256 3293 1358 3356 ἐκεῖνο

189 3387 308 3484 καιροῦ
338 3369 501 3445 Ἰουδαίων
534 3382 573 3444 ού
606 3381 700 3466 παρά
733 3381 843 3464 μόνοις
875 3387 939 3451 τοῖς
971 3381 1159 3463 ὁμοεθνέσιν
1193 3380 1271 3444 ἀλλὰ
1304 3383 1359 3444 καὶ

189 3469 274 3555 παρὰ
296 3458 464 3554 Ῥωμαίοις
486 3471 612 3552 γέγονεν
635 3470 713 3554 ἀνὴρ
735 3470 968 3550 ἐπιδοξότατος,
1002 3470 1049 3540 ὡς
1071 3469 1168 3534 αὐτὸν
1191 3469 1250 3551 μὲν
1285 3470 1359 3533 ἀνα-

189 3559 281 3624 δύσει
314 3558 504 3641 ἀνδριάντος
537 3557 589 3623 ἐπὶ
619 3565 673 3642 τῆς
691 3558 857 3642 Ῥωμαίων
878 3559 1048 3642 τιμηθῆναι
1070 3559 1202 3635 πόλεως,
1225 3558 1299 3635 τοὺς
1322 3559 1357 3621 δὲ

190 3647 459 3726 σπουδασύόιτας
482 3648 571 3730 αυτῷ
593 3648 708 3735 λόχους
729 3649 943 3731 βιβλιοθήκης
965 3647 1152 3730 ἀξιωθῆναι.

295 3739 417 3798 Photius
439 3741 512 3797 bibl.
528 3740 596 3798 cod
612 3740 664 3801 47.

295 3825 434 3896 πιθανὸς
466 3829 537 3903 ταῖς
568 3825 771 3912 δημηγορίαις
796 3823 853 3891 καὶ
881 3827 1020 3909 ἐπίχαρις
1046 3828 1107 3889 κᾶν
1130 3822 1184 3890 ἐπὶ
1212 3825 1357 3889 τάναντία

189 3913 340 4002 δκαιρδς
362 3916 443 4018 καλῇ
465 3916 653 3998 χρήσασθαι
674 3939 723 3998 τῳ
746 3916 840 3998 λόγω,
865 3915 967 3989 δεξιός
989 3915 1043 3978 καλ
1065 3915 1193 3997 γόνιμος
1213 3915 1356 4026 ἒηθυμη-

187 4005 299 4087 μάτων
321 3993 372 4102 ἐφ’
389 4005 528 4087 ἑκάτερα,
553 4004 607 4068 καλ
629 4004 865 4092 γνωμολογικδς
880 3993 909 4069 δ
922 4005 969 4082 ὡς
990 4006 1059 4074 εἴτις
1081 4003 1176 4081 ἄλλος
1190 4026 1244 4066 και
1236 4003 1356 4087 πάθη

188 4128 285 4280 η’ίβγῳ
307 4135 515 4212 παραστῆσαι
544 4123 740 4200 ἱκανώτατος
772 4130 826 4193 καί
852 4130 968 4212 ἐγεῖραι
993 4129 1101 4199 πάύος
1130 4129 1183 4192 καλ
1214 4138 1356 4212 πραϋναι

220 4219 387 4290 ανώτατος.
