3120 4958
767 283 989 343 ,58-

293 489 452 558 inserant
485 513 630 558 sensum
640 493 674 579 ¹),
709 501 745 558 et
773 493 885 557 forma
919 501 955 557 et
990 500 1201 576 argumento
1230 499 1266 556 et
1293 499 1478 556 structura

293 596 391 666 varia
422 608 507 664 sunt
538 620 669 685 genera
700 596 967 684 distinguenda:
1003 596 1093 663 aliae
1123 619 1195 663 non
1227 606 1371 663 exstant
1402 594 1475 662 nisi

293 704 339 772 ad
374 705 598 791 explananda
637 704 752 772 aliena
787 715 823 772 et
857 703 1083 771 abhorrentia
1118 727 1138 769 a
1172 702 1298 788 lingua
1332 703 1477 771 Graeca

293 812 511 898 vocabula²),
535 822 597 879 aut
613 834 801 879 numerum
826 834 1006 880 caesorum
1022 822 1058 878 et
1074 809 1295 898 captivorum
1318 810 1475 893 addunt;

293 916 383 984 aliae
406 940 478 985 non
509 940 656 986 munere
686 919 920 1007 interpretum
950 921 1159 1005 iunguntur,
1190 917 1252 984 sed
1279 927 1342 984 aut
1365 915 1477 1004 scrip-

293 1023 379 1092 toris
402 1026 447 1092 de
470 1025 672 1112 praemissis
695 1028 799 1094 rebus
823 1025 993 1093 iudicium
1016 1025 1160 1109 faciunt,
1194 1047 1343 1112 quarum
1367 1046 1478 1111 argu-

292 1130 549 1199 mentationem
581 1144 617 1200 et
648 1134 901 1200 documentum
936 1132 1048 1201 rarius
1079 1134 1207 1217 ferunt,
1242 1141 1305 1198 aut
1335 1130 1476 1219 aliquid

293 1237 377 1305 novi
406 1238 574 1323 adiciunt
610 1241 704 1327 quod
733 1239 769 1306 in
798 1262 931 1307 nexum
966 1239 1161 1327 seriemque
1192 1236 1361 1331 orationis
1391 1260 1477 1305 con-

294 1343 416 1413 tinuae
454 1345 595 1433 iniungi
635 1369 705 1412 non
745 1357 890 1434 poterat
943 1345 1081 1431 Quibus
1120 1356 1205 1413 sunt
1243 1344 1369 1413 aflines
1408 1368 1477 1412 eae

292 1452 548 1539 parentheseis,
583 1475 673 1541 quae
708 1476 822 1540 neque
858 1476 937 1520 cum
971 1452 1138 1543 primaria
1173 1452 1350 1520 sententia
1384 1465 1478 1521 sunt

294 1558 504 1626 coniunctae
527 1583 642 1648 neque
666 1559 807 1627 acertis
824 1560 940 1628 verbis
957 1560 1194 1648 cogitatisque
1217 1561 1383 1648 pendent,
1407 1562 1475 1627 sed

293 1664 423 1733 liberae
446 1677 482 1732 et
505 1669 642 1734 solutae
665 1678 701 1734 et
724 1666 760 1734 in
793 1691 830 1734 se
853 1667 989 1755 positae
1020 1678 1083 1734 aut
1108 1667 1239 1757 γνώμην
1262 1666 1477 1754 significant

293 1771 414 1840 antid
439 1774 532 1859 quod
557 1773 715 1861 sequitur
738 1787 956 1862 praeparant

399 1881 622 1967 Argumento
639 1892 759 1949 autem
783 1883 915 1948 formae
932 1904 1072 1968 quoque
1087 1881 1344 1969 parentheseon
1361 1879 1475 1948 effici-

293 1996 411 2069 untur,
443 2010 592 2073 quarum
616 1987 706 2055 aliae
736 2012 808 2055 non
833 1988 1022 2055 coniuncta
1053 1990 1114 2054 sed
1139 1987 1239 2075 quasi
1263 1986 1475 2073 asyndetica

293 2091 429 2160 ratione
463 2104 548 2159 sunt
579 2093 740 2178 insertae,
775 2095 864 2162 aliae
895 2119 916 2162 a
946 2094 1154 2183 pronomine
1189 2096 1475 2164 demonstrativo

293 2200 387 2279 οὗτος
410 2198 655 2288 similibusque
679 2202 854 2269 adverbiis
878 2201 1062 2290 incipiunt,
1087 2201 1176 2269 aliae
1199 2201 1381 2290 particulis
1406 2197 1475 2293 γὰρ

293 2316 330 2372 et
352 2310 406 2374 nul
429 2319 465 2374 et
489 2311 523 2374 dl
546 2306 827 2376 introducuntur.

400 2414 585 2482 Structura
616 2427 736 2482 autem
767 2428 821 2484 est
844 2416 1026 2501 eiusmodi,
1058 2429 1098 2483 ut
1126 2439 1238 2483 unum
1268 2417 1473 2484 membrum

293 2542 371 2586 raro
388 2523 569 2606 excedant,
593 2524 824 2590 anacoluthos
848 2524 972 2605 vitent,
997 2535 1197 2591 contractae
1221 2535 1257 2591 et
1279 2523 1380 2611 quasi
1398 2546 1476 2591 am-

292 2639 439 2715 putatae
462 2652 538 2696 esse
555 2629 743 2697 videantur
766 2631 801 2697 in
819 2630 863 2697 iis
879 2631 995 2698 verbis
1019 2630 1170 2718 singulis
1192 2643 1228 2698 et
1244 2629 1473 2718 dictionibus

292 2734 329 2801 in
366 2735 493 2822 quibus
528 2738 626 2804 nulla
654 2737 709 2805 vis
743 2737 836 2804 inest
870 2761 985 2824 neque
1018 2740 1158 2824 pondus
1186 2740 1285 2805 velut
1320 2731 1399 2827 ὅπερ
1426 2731 1475 2825 ἦν

292 2844 435 2927 V1154‚
459 2847 531 2909 303.
568 2838 737 2928 οἶμαιΙὸ,
762 2848 812 2913 IV
829 2849 903 2912 277.
939 2846 974 2912 τὸ
999 2847 1033 2910 δὲ
1055 2849 1204 2934 μέγιστον
1219 2848 1270 2913 VI
1291 2850 1338 2912 13.
1373 2840 1474 2914 τὸδὲ

292 2942 416 3017 τοῦτων
438 2948 665 3039 φοβερώτερον
689 2955 738 3020 VI
756 2957 829 3018 300.
865 2948 903 3019 τὸ
927 2955 1057 3020 πάντων
1080 2957 1239 3037 αἴσχιστον
1262 2955 1295 3021 V
1314 2956 1384 3018 122.

400 3056 579 3124 Sescentis
591 3060 848 3146 parentheseon
866 3081 910 3124 ex
922 3058 1093 3147 exemplis
1108 3081 1198 3145 quae
1211 3057 1330 3125 onmia
1342 3059 1474 3127 afferre

293 3172 330 3229 et
352 3163 502 3250 longum
525 3176 562 3230 et
585 3187 886 3252 supervacaneum
918 3176 972 3231 est
995 3167 1039 3231 ad
1063 3166 1305 3253 explanandas
1336 3167 1474 3234 formas

291 3291 405 3359 panca
429 3271 535 3358 elegi:
1077 3256 1079 3261 ’

400 3376 673 3445 introducuntur
688 3378 860 3466 particula
884 3379 956 3469 γάρ,
980 3379 1036 3446 cui
1053 3379 1292 3468 praemittitur
1314 3389 1377 3446 aut
1393 3403 1474 3447 ver-

292 3485 378 3552 bum
394 3490 503 3575 γέγονε
518 3480 579 3575 γὰρ
596 3489 631 3552 ΙΙ
650 3491 700 3553 21.
736 3485 939 3576 κατεάγησαν
955 3484 1016 3576 γὰρ
1031 3490 1081 3555 VI
1099 3492 1163 3553 402
1188 3498 1251 3553 aut
1271 3509 1471 3575 pronomen

292 3594 385 3666 οὗτος
411 3594 470 3681 γὰρ
494 3595 632 3661 V1131.
668 3606 731 3662 aut
757 3593 971 3680 praepositio
999 3585 1073 3663 ἀπὸ
1100 3591 1163 3679 yolo
1186 3596 1236 3663 Vl
1254 3599 1303 3660 79.
1339 3604 1403 3660 aut
1429 3586 1473 3663 οὗ

404 3789 429 3877 ¹)
453 3794 556 3863 Quint
581 3795 610 3857 8.
635 3795 664 3867 2,
691 3795 739 3857 15.
785 3796 975 3855 Parentbesis
999 3797 1167 3856 interiectio
1193 3816 1254 3872 qna
1277 3802 1413 3854 oratores
1436 3805 1474 3854 et

293 3884 427 3942 historici
451 3883 624 3960 frequenter
647 3894 777 3952 utuntur,
801 3886 838 3944 cf.
861 3885 1031 3943 Alexander
1055 3888 1129 3944 rhet.
1154 3885 1266 3944 Graeci
1289 3884 1342 3956 ΙΙΙ,
1365 3903 1396 3959 p.
1412 3882 1470 3948 38.

292 3975 342 4049 Sp.
366 3973 418 4049 qni
449 3977 658 4048 parentheseis
689 3977 719 4033 in
753 3993 879 4033 numero
910 3975 973 4035 τῶν
1007 3961 1200 4055 ἱπερβάτων
1231 3976 1338 4043 habet,
1368 3981 1401 4030 θῒ
1428 3974 1473 4032 de

293 4063 492 4134 scriptoribus
515 4066 733 4139 posterioribus
756 4063 887 4129 Schmid
911 4064 1085 4122 Atticismns
1107 4065 1230 4140 passim.

402 4148 429 4230 ²)
451 4151 545 4221 Blass‚
568 4153 758 4212 Grammatik
782 4155 836 4212 des
859 4162 989 4211 neutest.
1011 4153 1133 4212 Griech.
1157 4174 1184 4229 p.
1203 4151 1278 4212 275.
