3120 4958
625 302 847 363 „59-

151 509 187 577 V
209 513 238 575 5.
282 519 345 576 aut
379 507 554 577 adiectiva
589 507 696 579 ὀεινὸν
734 512 795 598 γὰρ
830 514 882 580 IV
906 516 961 594 313
1001 509 1128 578 deinde
1164 513 1198 578 ὀὲ
1231 513 1331 580 velut

151 613 299 702 σημαίνει
323 617 480 686 le51.
526 625 626 685 ταῦτα
651 620 685 684 dd
708 621 869 686 V11184.
917 616 1017 698 πόλις
1040 619 1076 686 oe*
1100 621 1206 685 Ι321.
1254 619 1331 704 ἡδὲ

150 725 313 814 φιλοτιμία
337 725 392 789 111
417 729 472 805 313
506 735 582 791 tum
614 729 700 792 οὕτω
724 728 759 790 ΙΙ
785 730 826 791 42
851 736 887 792 et
909 713 1015 805 οὗτοςε
1042 722 1145 815 πατήρ
1167 717 1210 811 ἦν
1235 713 1331 806 οὗτος

151 831 204 897 VI
225 834 294 896 137.
330 828 483 917 denique
499 830 704 914 asyndetica
719 831 856 898 ratione
879 822 1030 904 Ἐσσαῖος
1053 824 1092 922 ἦν
1107 837 1198 922 γένος
1220 835 1328 900 1342.

260 937 331 1004 Sed
366 936 572 1025 priusquam
611 939 655 1004 de
694 938 960 1006 enuntiatorum
998 949 1175 1006 structura
1208 938 1330 1026 paucis

153 1042 333 1128 disseram,
368 1043 670 1132 breviloquentiae
703 1045 886 1113 cuiusdam
919 1047 1081 1134 exempla
1115 1068 1331 1134 quamquam

151 1149 269 1238 magis
304 1150 341 1218 iu
376 1174 432 1218 res
467 1152 716 1238 grammaticas
751 1153 884 1219 cadunt
918 1155 1226 1220 commemoranda
1254 1176 1330 1221 esse

152 1256 321 1325 videntur
355 1260 454 1326 velut
489 1263 541 1328 IV
565 1264 628 1325 252
664 1313 670 1325 .
700 1313 706 1326 .
735 1313 742 1326 .
771 1312 809 1326 ..
846 1263 875 1327 εἰ
905 1263 963 1344 μὲν
999 1264 1096 1345 ἡμᾶς,
1132 1264 1329 1328 εἰπάτωσαν.

152 1366 204 1432 VI
233 1369 303 1432 120.
340 1369 370 1433 εἰ
391 1369 425 1432 δὲ
446 1369 492 1451 μὴ
504 1367 525 1454 ¹)
550 1379 586 1433 et
613 1366 745 1454 ellipsis
768 1365 866 1433 verbi
899 1361 987 1442 εἶναι,
1019 1389 1110 1454 quae
1144 1367 1332 1455 praecipue

152 1468 191 1538 in
215 1470 433 1539 sententiosa
457 1472 615 1540 oratione
638 1472 827 1557 invenitur,
855 1475 1004 1558 περισσὸς
1027 1476 1088 1562 γάρ
1111 1477 1191 1559 ὑπὲρ
1214 1483 1269 1541 τοῦ
1292 1477 1330 1540 τά

154 1580 270 1645 δέοντα
292 1585 395 1646 ποιεῖν
412 1588 475 1653 πᾶς
494 1583 589 1664 λόγος
613 1584 738 1647 11345.
763 1592 799 1646 et
819 1580 855 1646 in
873 1579 1168 1667 descriptionibus
1191 1603 1330 1647 morum

153 1695 190 1752 et
217 1696 393 1752 sectarum
424 1698 460 1754 et
490 1686 688 1774 regionum;
722 1687 833 1753 rarius
863 1699 982 1754 autern
1015 1687 1083 1754 alia
1111 1689 1219 1755 verba
1246 1698 1331 1754 sunt

153 1793 352 1879 supplenda
382 1797 418 1859 II
449 1799 521 1860 627.
560 1801 724 1881 προσεῖχεν
759 1796 812 1882 [sc.
843 1797 901 1861 τὸν
933 1795 1017 1881 νοῦν]
1052 1798 1102 1864 VI
1128 1800 1200 1861 343.
1238 1797 1331 1860 πάλιν

154 1904 185 1967 οί
211 1903 354 1985 πολέμιοι
381 1891 543 1977 Ἰουδαῖοι,
577 1905 631 1967 καί
661 1906 826 1986 πρεσβεῖαι
860 1905 909 1967 ἐπὶ
936 1910 1136 1988 νεωτερισμῷ
1169 1904 1331 1989 περίβολοι

155 2009 190 2074 δὲ
205 2011 314 2092 κοινοί,
337 2011 445 2081 στάσις
467 2012 520 2075 καί
535 2008 718 2093 φιλονεικία,
743 2008 799 2074 cui
815 2010 977 2096 exemplo
1001 2008 1119 2075 affinis
1143 2019 1197 2075 est
1212 2008 1330 2095 ligura

154 2115 333 2199 ζεύγματος
355 2136 463 2201 quam
485 2116 664 2202 Josephus
689 2116 841 2183 adhibet.

262 2224 369 2288 1414.
405 2225 560 2307 ἀνέθηκεν
581 2231 619 2308 τῇ
641 2224 703 2306 μὲν
726 2223 861 2307 ἐπαρχίᾳ
884 2225 944 2308 τὴν
965 2227 1063 2307 πόλιν,
1086 2232 1150 2296 τοῖς
1172 2227 1270 2309 ταύτῃ
1295 2224 1330 2289 δὲ

154 2331 373 2414 πλοϊζομένοις
406 2331 460 2395 τὸν
493 2333 610 2414 λιμένα,
646 2332 782 2414 Καίσαρι
811 2333 924 2416 δὲτὴν
958 2334 1048 2416 τιμὴν
1070 2340 1126 2398 τοῦ
1150 2336 1328 2416 κτίσματος.

154 2439 282 2504 11506.
317 2439 564 2513 κατασκευάζειν
586 2439 702 2503 ἑαυτὸν
725 2440 876 2520 δακρύοις
899 2439 956 2504 καὶ
977 2441 1097 2522 ἐσθῆτι.

262 2560 402 2644 Quibus
436 2562 540 2627 rebus
563 2560 764 2648 praemissis
793 2572 903 2627 restat
927 2573 967 2628 ut
991 2564 1034 2628 de
1064 2563 1328 2630 enuntiatorum

154 2677 332 2735 structura
355 2666 432 2755 ipsa
456 2667 641 2754 disputem.
689 2672 814 2754 Neque
837 2667 873 2734 in
899 2668 1017 2735 animo
1044 2670 1158 2735 habeo
1181 2670 1328 2757 Josephi

155 2785 267 2842 artem
290 2773 465 2841 scribendi
490 2787 526 2841 et
548 2777 706 2842 membra
728 2774 962 2861 componendi
986 2798 1067 2841 curn
1090 2775 1226 2843 ratione
1250 2799 1329 2843 con-

153 2879 330 2949 formandi
359 2882 403 2948 ab
427 2881 505 2948 aliis
529 2881 757 2969 scriptoribus
786 2881 945 2949 adhibita
969 2905 1170 2970 comparare
1199 2884 1330 2970 (quam-

155 3010 263 3075 quam
277 2987 367 3055 mihi
383 3000 437 3056 est
452 3011 667 3076 persuasum,
682 2990 879 3076 Josephum
896 2988 955 3075 qui
972 2987 1009 3054 in
1022 2991 1126 3055 rebus
1137 2989 1330 3056 tractandis

154 3117 227 3162 non
250 3097 357 3163 modo
373 3096 552 3163 doctrinas
575 3098 754 3163 rhetorum
780 3095 964 3163 sedetiam
989 3097 1150 3184 exempla
1174 3108 1209 3164 et
1225 3119 1330 3163 usum

156 3202 370 3268 tralaticium
398 3203 608 3290 scriptorum
640 3203 743 3269 nobis
771 3201 1033 3291 deperditorum
1060 3201 1216 3290 priorum
1245 3214 1330 3270 tem-

155 3330 281 3395 porum
305 3310 506 3377 observavit
538 3322 574 3377 et
605 3309 835 3393 continuavit,
867 3311 1021 3376 multum
1052 3311 1095 3376 ad
1120 3308 1329 3376 elocutionis

155 3414 449 3503 periodorumque
488 3415 752 3504 compositionis
786 3419 917 3503 gradus
945 3415 1045 3503 quasi
1079 3429 1115 3483 et
1146 3439 1329 3503 processus

155 3521 328 3609 paulatim
351 3535 508 3590 mutatos
532 3522 783 3609 intelligendos
807 3537 843 3590 et
858 3525 1100 3611 explanandos
1124 3544 1227 3609 posse
1250 3546 1330 3589 con-

155 3631 288 3713 ferreo,
312 3629 517 3717 praesertim
541 3653 621 3696 cum
645 3630 831 3717 scriptores
856 3630 962 3696 huius
986 3629 1112 3697 aetatis
1136 3629 1238 3696 nobis
1262 3652 1329 3696 ser·

267 3843 292 3929 ¹)
315 3835 448 3911 Ἄττικαὶ
482 3846 634 3928 ἐλλείψεις
667 3851 760 3908 schol.
788 3850 938 3926 Aristoph.
973 3851 1047 3906 Plut.
1082 3847 1155 3908 469.
1206 3849 1329 3906 Schmid

155 3957 246 4014 Attic.
269 3956 312 4013 ΙΙΙ
328 3956 402 4018 328.
464 4011 472 4023 .

265 4058 292 4143 ²)
316 4064 509 4122 Wilamowitz
534 4065 773 4123 commentariol.
789 4073 945 4141 grammat.
963 4064 1006 4121 ΙΙΙ
1029 4065 1090 4121 ind.
1110 4065 1180 4121 lect.
1196 4061 1330 4139 Gottin'g.

159 4150 253 4219 1889,
277 4173 306 4228 p.
326 4152 375 4214 19.
