3120 4958
675 355 874 418 ,9.-

297 563 524 630 Demosthen,
551 567 612 631 Φιλ
628 568 653 631 Ι.

296 690 325 752 εἰ
354 689 413 771 μίν
447 740 454 752 .
484 741 490 752 .
520 741 527 755 .
557 739 573 765 .,
604 694 737 776 ἡσυχίαν
770 691 850 776 ἦγον
883 695 930 757 ᾶν.
983 694 1108 777 Neque
1140 688 1259 757 minus
1292 693 1359 756 De-

189 791 449 860 mosthenicum
460 799 481 874 ¹)
514 797 656 862 odorem
694 808 837 866 servant
869 795 1016 886 Josephi
1054 797 1224 863 iommlae
1261 795 1359 865 εἰπεῖν

190 905 210 966 ἃ
230 903 351 985 νομίζω
375 901 545 988 συμφέρειν
560 934 594 958 ω
618 905 799 972 Demosth.
824 905 967 989 Olynth.
992 906 1106 970 11136
1130 913 1166 970 et
1187 905 1225 969 τὰ
1248 905 1358 971 δέοντα

189 1011 297 1074 ποιεῖν
318 1039 353 1061 ω
377 1010 432 1073 ΙΙΙ
449 1013 478 1092 3,
502 1009 629 1078 deinde
652 1013 902 1096 προδιόρθαισις.

296 1141 422 1205 11347.
446 1140 616 1222 θορυβήσῃ
640 1136 677 1203 ὀί
699 1163 756 1222 μοι
779 1138 899 1221 μηδείς,
923 1136 980 1203 ἐὰν
1001 1138 1046 1221 μὴ
1069 1137 1109 1202 τὰ
1130 1137 1218 1220 πρὸς
1240 1137 1359 1221 ἡδονὴν

190 1247 294 1331 ἀκούῃ
321 1247 377 1330 (cf.
402 1243 688 1311 Rehdantz-Blass
711 1243 964 1330 Ansgewihlte
992 1242 1113 1309 Reden
1142 1240 1249 1308 index
1277 1265 1302 1309 s.
1326 1267 1357 1308 v.

190 1349 455 1439 προὸιόρθωσις).
480 1349 536 1417 cui
548 1349 820 1438 praemunitioni
833 1349 869 1416 in
883 1348 1041 1417 oratione
1051 1348 1198 1436 Josephi
1211 1350 1258 1437 (V
1269 1350 1357 1437 376),

191 1480 281 1545 quae
297 1459 341 1525 ab
359 1457 582 1524 Homerismo
598 1447 619 1524 ἆ
636 1455 736 1524 δειλοί
751 1455 883 1543 incipit,
902 1457 990 1523 haec
1006 1456 1113 1522 verba
1128 1456 1356 1542 respondent:

302 1567 364 1650 ἐγὼ
387 1567 445 1650 μὲν
460 1568 577 1652 φρίττω
592 1566 629 1629 τὰ
653 1567 730 1652 ἔργα
745 1572 803 1630 τοῦ
819 1566 899 1630 θεοῦ
911 1566 1014 1647 λέγων
1032 1566 1075 1636 είς
1087 1565 1234 1638 ἀναξίους
1249 1565 1357 1635 ἀκοάς.

190 1675 319 1740 ἀκούετε
349 1666 378 1738 ‹l'
390 1674 480 1756 ὅμως
508 1723 514 1735 .
539 1723 545 1735 .
570 1723 576 1735 .
604 1671 659 1757 (cl.
688 1669 834 1756 Quintil.
864 1673 915 1737 IV
942 1674 1026 1752 1,74
1054 1668 1214 1756 partibus
1241 1670 1359 1737 danda

191 1778 362 1865 praelatio
385 1788 440 1845 est
463 1788 517 1845 ut:
541 1776 661 1844 audite
683 1798 779 1844 nunc
802 1776 958 1864 reliqua.)

300 1902 470 1990 Reliquae
486 1925 568 1970 vero
585 1924 707 1968 omnes
723 1900 897 1969 orationes
917 1898 1094 1989 prooemio
1111 1912 1238 1986 carent,
1262 1899 1359 1985 aliae,

191 2011 286 2098 quod
319 2009 548 2076 allocutiones
583 2019 666 2075 ante
699 2031 839 2095 pugnas
872 2006 1015 2075 habitae
1042 2030 1148 2095 quam
1182 2008 1359 2075 celerrime

192 2116 228 2183 in
246 2115 457 2203 gravissima
473 2137 630 2203 quaeque
647 2126 856 2202 argumenta
871 2115 1008 2182 animos
1030 2113 1245 2199 inducerent,
1270 2113 1359 2182 aliae

191 2224 286 2310 quod
314 2224 358 2289 ad
386 2223 592 2309 praeteritas
626 2222 802 2289 orationes
835 2221 1067 2309 pertinebant
1115 2224 1212 2308 Quas
1240 2233 1359 2289 autem

191 2329 369 2418 prooemio
385 2329 562 2413 instruxit,
585 2329 621 2395 in
639 2350 759 2395 earum
781 2327 948 2396 maiorem
970 2330 1125 2396 laborem
1141 2329 1360 2417 consumpsit

192 2434 433 2526 propositione
456 2447 492 2503 et
507 2433 696 2524 partitione
718 2434 904 2524 praecipue
924 2447 1087 2503 accurata
1110 2435 1164 2522 (ci.
1180 2435 1359 2522 Anonymi

194 2541 361 2631 [Cornuti]
385 2547 474 2628 τέχνη
498 2549 565 2633 ῥητ.
601 2544 668 2628 lp.
687 2547 750 2608 428
775 2544 832 2629 Sp.
861 2547 1040 2628 εὐμάθειαν
1061 2552 1149 2611 ποιεῖ
1166 2546 1360 2630 προέκθεσις

192 2653 371 2730 ἀνανέωσις
392 2649 567 2736 μερισμός).

301 2778 382 2840 Huc
407 2783 542 2861 spectat
565 2772 676 2840 oratio
699 2772 773 2841 Titi
797 2777 847 2842 Vl
872 2779 924 2841 36.

297 2883 333 2948 τὸ
357 2873 386 2949 d’
403 2884 452 2948 ὅτι
483 2873 619 2965 μάλιστα
641 2884 796 2966 προσήκει
818 2885 978 2966 μάχεσθαι
1006 2887 1073 2956 τοῖς
1096 2885 1264 2955 δυσκόλοις
1286 2884 1359 2963 τοὺς

193 2991 309 3076 ἀρετῆς
331 2991 514 3073 ἐφιεμένους
527 2987 582 3054 καὶ
606 2991 652 3054 ὅτι
674 2990 771 3054 καλὸν
794 2991 827 3055 ἐν
853 2991 979 3073 εὐκλείᾳ
1001 2991 1131 3075 τελευτὴ
1156 2993 1208 3056 καί
1230 2993 1277 3063 ὡς
1299 2993 1359 3056 οὐκ

192 3098 336 3184 ἄκαρπον
358 3099 441 3162 ἔσται
463 3103 527 3168 τοῖς
548 3098 797 3179 καταρξαμένοις
819 3097 857 3161 τὸ
880 3103 1028 3180 γενναῖον,
1053 3098 1189 3181 διέξειμι.

299 3223 416 3306 Neque
442 3219 560 3286 minus
587 3218 624 3286 in
654 3217 731 3285 aliis
766 3218 964 3286 orationum
996 3219 1154 3306 partibus
1182 3221 1274 3286 hanc
1303 3218 1360 3286 tri-

192 3325 390 3414 pertitam2)
429 3349 510 3393 eum
549 3324 771 3410 divisionem,
810 3327 902 3393 ultra
939 3349 1045 3414 quam
1084 3326 1360 3414 propositionem

303 3560 454 3645 ¹)'Qnam
492 3564 743 3623 consuetudinem
782 3564 1022 3623 Demosthenem
1068 3565 1151 3624 initio
1191 3565 1359 3624 orationum

193 3653 330 3711 imitandi
346 3654 398 3729 qni
415 3654 574 3711 illuderent
596 3672 657 3712 non
672 3637 803 3712 defuisse
820 3655 1003 3713 documento
1025 3655 1084 3712 sint
1099 3655 1210 3731 dialogi
1225 3655 1360 3722 Luciani,

193 3743 224 3800 in
252 3743 363 3818 quibus
385 3743 451 3819 Jovi
481 3743 597 3810 suadet,
627 3752 661 3800 ut
692 3745 858 3802 orationem
891 3762 910 3800 a
933 3742 1171 3802 Demosthenico
1204 3745 1359 3802 enuntiato

191 3831 318 3907 incipiat
344 3829 463 3912 σύνειρε
492 3819 583 3910 ὀλίγα
611 3824 817 3909 ἐναλλάττων,
845 3829 933 3894 οὕτω
961 3836 1038 3910 γοῦν
1065 3831 1096 3893 oi
1123 3827 1239 3894 πολλοὶ
1265 3831 1360 3918 ῥητο-

191 3913 337 4002 ρεύουσιν
352 3923 434 3995 Ζεῦς
448 3917 583 3999 τρσγωό.
619 3919 725 3984 14115.
759 3916 810 3995 δὶς
824 3942 937 4007 κατηγ.
961 3920 1012 3983 26.
1046 3922 1147 3992 Helm,
1169 3921 1282 3980 Lucian
1299 3923 1360 3980 und

192 4010 319 4086 Menipp
342 4029 372 4086 p.
398 4009 469 4074 133,
493 4008 567 4070 276.

301 4112 329 4198 ²)
352 4116 389 4175 cs.
427 4117 466 4174 de
504 4116 631 4175 triadica
668 4119 801 4195 quadam
840 4119 1060 4195 compositione
1099 4119 1231 4186 Norden,
1267 4106 1361 4175 ineis

193 4207 278 4265 Bnch
294 4206 345 4275 VI,
368 4206 563 4266 Commentar
585 4226 615 4283 p.
631 4206 705 4269 370.
