3120 4958
476 980 734 1084 Conspectus
762 979 1079 1062 dissertationis.

189 1287 339 1345 Praelatio
411 1333 1197 1352 ...............
1244 1310 1274 1365 p.

189 1394 238 1451 De
262 1394 355 1450 Flavii
377 1394 503 1470 Josephi
527 1394 632 1450 studiis
655 1395 810 1452 rhetoricis
858 1439 1200 1459 .......
1254 1439 1268 1473 ,,

258 1501 297 1558 de
321 1509 498 1576 argumento
524 1544 1199 1564 .............
1254 1546 1269 1580 „

299 1608 337 1664 de
360 1608 519 1682 prooemio
578 1652 1198 1671 ............
1253 1652 1268 1687 „

299 1714 338 1771 de
362 1714 548 1771 orationibus
578 1757 1197 1778 ............
1253 1759 1267 1791 „

351 1822 390 1878 de
414 1822 578 1895 prooemiis
634 1865 1197 1884 ...........
1253 1865 1268 1900 „

353 1929 391 1984 de
415 1928 674 2002 argumentatione
693 1974 1200 1992 ..........
1255 1970 1270 2005 „

407 2035 445 2091 de
470 2035 611 2091 suasoriis
634 2034 876 2110 panegyricoque
914 2082 1199 2097 ......
1254 2077 1269 2113 „
1326 2034 1361 2094 ll

407 2141 445 2197 de
470 2149 565 2198 morte
589 2141 755 2197 voluntaria
803 2185 1200 2203 ........
1254 2183 1270 2218 „

337 2322 341 2333 Ι
406 2248 445 2304 de
470 2248 702 2305 allocutionibus
749 2291 1201 2310 .........
1255 2290 1270 2324 „

407 2357 445 2412 de
470 2355 596 2430 epilogis
636 2401 1199 2417 ...........
1255 2397 1270 2433 „

354 2463 393 2519 de
417 2462 614 2537 dispositione
637 2504 1201 2523 ...........
1255 2503 1270 2539 „

301 2570 341 2626 de
365 2570 619 2644 descriptionibus
636 2614 1201 2630 ...........
1255 2611 1271 2645 ῃ

260 2677 300 2733 de
325 2677 496 2733 elocutione
528 2719 1200 2739 .............
1255 2716 1270 2752 „
1324 2673 1366 2733 44

301 2783 340 2840 de
363 2784 524 2840 verborum
548 2783 669 2839 delectu
694 2827 1202 2844 ..........
1256 2823 1271 2858 „
1324 2779 1366 2840 44

300 2889 340 2947 de
364 2890 585 2964 compositione
637 2932 1201 2950 ...........
1256 2928 1271 2963 „
1324 2885 1366 2946 53

357 2997 395 3054 de
419 2997 503 3053 hiatu
527 3039 1201 3058 .............
1255 3035 1271 3070 „
1324 2991 1365 3051 53

357 3104 395 3160 de
419 3104 579 3160 verborum
608 3101 808 3159 collocatione
860 3143 1202 3162 .......
1257 3141 1272 3176 ,,
1324 3096 1366 3156 55

356 3212 394 3267 de
419 3210 642 3268 enuntiatorum
666 3215 813 3266 stmctnra
860 3250 1201 3268 .......
1256 3247 1271 3283 „
1325 3202 1367 3263 57

302 3319 342 3375 de
367 3325 473 3375 ornatu
526 3360 1201 3378 .............
1256 3355 1271 3391 ,1
1325 3309 1368 3371 66

357 3426 395 3482 de
420 3424 576 3481 sententiis
637 3466 1201 3484 ...........
1256 3462 1272 3497 ,,
1325 3416 1367 3478 67

357 3533 395 3589 de
419 3530 663 3588 similitudinibus
696 3572 1203 3590 ..........
1257 3567 1273 3603 „
1326 3524 1363 3583 71

357 3640 396 3695 de
420 3638 513 3713 tropis
530 3678 1203 3700 ·············
1257 3672 1273 3708 n
1326 3628 1367 3688 74

357 3747 395 3802 de
420 3744 520 3821 liguris
583 3784 1203 3806 ············
1258 3780 1273 3814 n
1326 3735 1368 3795 83
