<?xml version="1.0" encoding="UTF-8"?>
<!DOCTYPE html PUBLIC "-//W3C//DTD XHTML 1.0 Transitional//EN"
    "http://www.w3.org/TR/xhtml1/DTD/xhtml1-transitional.dtd">
<html xmlns="http://www.w3.org/1999/xhtml" xml:lang="en" lang="en">
 <head>
  <title>
</title>
<meta http-equiv="Content-Type" content="text/html;charset=utf-8" />
  <meta name='ocr-system' content='tesseract 3.04.00' />
  <meta name='ocr-capabilities' content='ocr_page ocr_carea ocr_par ocr_line ocrx_word'/>
</head>
<body>
  <div class='ocr_page' id='page_1' title='image "./deflaviiiosephi01wolfgoog_0022.png"; bbox 0 0 3120 4958; ppageno 0'>
   <div class='ocr_carea' id='block_1_1' title="bbox 671 350 891 417">
    <p class='ocr_par' dir='ltr' id='par_1_1' title="bbox 671 350 891 417">
     <span class='ocr_line' id='line_1_1' title="bbox 671 350 891 417; baseline 0.009 -16"><span class='ocrx_word' id='word_1_1' title='bbox 671 350 891 417; x_wconf 79' lang='lat'>..15-</span> 
     </span>
    </p>
   </div>
   <div class='ocr_carea' id='block_1_2' title="bbox 188 560 1428 3652">
    <p class='ocr_par' dir='ltr' id='par_1_2' title="bbox 188 560 1361 1060">
     <span class='ocr_line' id='line_1_2' title="bbox 190 560 1360 654; baseline 0.003 -24"><span class='ocrx_word' id='word_1_2' title='bbox 190 560 333 650; x_wconf 89' lang='lat' dir='ltr'>gyricus</span> <span class='ocrx_word' id='word_1_3' title='bbox 355 563 510 651; x_wconf 84' lang='lat' dir='ltr'>Augusti</span> <span class='ocrx_word' id='word_1_4' title='bbox 535 563 646 653; x_wconf 90' lang='lat' dir='ltr'>(Virg.</span> <span class='ocrx_word' id='word_1_5' title='bbox 671 567 757 633; x_wconf 88' lang='lat' dir='ltr'>Aen.</span> <span class='ocrx_word' id='word_1_6' title='bbox 773 568 833 649; x_wconf 92' lang='lat' dir='ltr'>VI,</span> <span class='ocrx_word' id='word_1_7' title='bbox 858 565 937 654; x_wconf 86' lang='grc'>791)</span> <span class='ocrx_word' id='word_1_8' title='bbox 960 587 1064 653; x_wconf 90' lang='lat' dir='ltr'>quem</span> <span class='ocrx_word' id='word_1_9' title='bbox 1088 566 1263 654; x_wconf 88' lang='lat' dir='ltr'>quomodo</span> <span class='ocrx_word' id='word_1_10' title='bbox 1284 563 1360 637; x_wconf 90' lang='lat' dir='ltr'>Vir-</span> 
     </span>
     <span class='ocr_line' id='line_1_3' title="bbox 189 669 1361 763; baseline 0.004 -27"><span class='ocrx_word' id='word_1_11' title='bbox 189 669 299 757; x_wconf 85' lang='lat' dir='ltr'><strong>gilius</strong></span> <span class='ocrx_word' id='word_1_12' title='bbox 315 682 540 759; x_wconf 87' lang='lat' dir='ltr'>componeret</span> <span class='ocrx_word' id='word_1_13' title='bbox 555 674 699 739; x_wconf 90' lang='lat' dir='ltr'>Norden</span> <span class='ocrx_word' id='word_1_14' title='bbox 710 673 735 760; x_wconf 89' lang='lat'>¹)</span> <span class='ocrx_word' id='word_1_15' title='bbox 759 672 956 763; x_wconf 71' lang='lat' dir='ltr'>explicavit</span> <span class='ocrx_word' id='word_1_16' title='bbox 1003 675 1103 757; x_wconf 79' lang='lat' dir='ltr'>Quae·</span> <span class='ocrx_word' id='word_1_17' title='bbox 1122 672 1241 740; x_wconf 88' lang='lat' dir='ltr'>omnia</span> <span class='ocrx_word' id='word_1_18' title='bbox 1257 675 1361 741; x_wconf 92' lang='lat' dir='ltr'>docu-</span> 
     </span>
     <span class='ocr_line' id='line_1_4' title="bbox 188 776 1359 868; baseline 0.004 -26"><span class='ocrx_word' id='word_1_19' title='bbox 188 787 311 845; x_wconf 92' lang='lat' dir='ltr'>mento</span> <span class='ocrx_word' id='word_1_20' title='bbox 334 776 407 845; x_wconf 90' lang='lat' dir='ltr'>sint</span> <span class='ocrx_word' id='word_1_21' title='bbox 429 789 465 846; x_wconf 91' lang='lat' dir='ltr'>et</span> <span class='ocrx_word' id='word_1_22' title='bbox 488 779 688 868; x_wconf 80' lang='lat' dir='ltr'>explanent,</span> <span class='ocrx_word' id='word_1_23' title='bbox 711 779 747 846; x_wconf 93' lang='lat' dir='ltr'>in</span> <span class='ocrx_word' id='word_1_24' title='bbox 765 781 859 868; x_wconf 92' lang='lat' dir='ltr'>quod</span> <span class='ocrx_word' id='word_1_25' title='bbox 883 801 997 867; x_wconf 89' lang='lat' dir='ltr'>genus</span> <span class='ocrx_word' id='word_1_26' title='bbox 1020 778 1195 847; x_wconf 89' lang='lat' dir='ltr'>scribendi</span> <span class='ocrx_word' id='word_1_27' title='bbox 1218 803 1359 848; x_wconf 89' lang='lat' dir='ltr'>enume-</span> 
     </span>
     <span class='ocr_line' id='line_1_5' title="bbox 188 882 1358 975; baseline 0.005 -26"><span class='ocrx_word' id='word_1_28' title='bbox 188 882 279 950; x_wconf 80' lang='lat' dir='ltr'>ratio</span> <span class='ocrx_word' id='word_1_29' title='bbox 306 885 454 974; x_wconf 91' lang='lat' dir='ltr'>Josephi</span> <span class='ocrx_word' id='word_1_30' title='bbox 489 886 593 953; x_wconf 89' lang='lat' dir='ltr'>cadat</span> <span class='ocrx_word' id='word_1_31' title='bbox 626 897 663 956; x_wconf 91' lang='lat' dir='ltr'>et</span> <span class='ocrx_word' id='word_1_32' title='bbox 689 888 864 975; x_wconf 89' lang='lat' dir='ltr'>quomodo</span> <span class='ocrx_word' id='word_1_33' title='bbox 898 887 1010 953; x_wconf 85' lang='lat' dir='ltr'>forma</span> <span class='ocrx_word' id='word_1_34' title='bbox 1044 897 1080 954; x_wconf 91' lang='lat' dir='ltr'>et</span> <span class='ocrx_word' id='word_1_35' title='bbox 1107 897 1358 974; x_wconf 85' lang='lat' dir='ltr'>argumentum</span> 
     </span>
     <span class='ocr_line' id='line_1_6' title="bbox 190 988 482 1060; baseline 0.014 -4"><span class='ocrx_word' id='word_1_36' title='bbox 190 989 264 1058; x_wconf 88' lang='lat' dir='ltr'>sint</span> <span class='ocrx_word' id='word_1_37' title='bbox 285 988 482 1060; x_wconf 86' lang='lat' dir='ltr'>iudicanda.</span> 
     </span>
    </p>

    <p class='ocr_par' dir='ltr' id='par_1_3' title="bbox 189 1097 1428 1724">
     <span class='ocr_line' id='line_1_7' title="bbox 300 1097 1359 1189; baseline 0.003 -24"><span class='ocrx_word' id='word_1_38' title='bbox 300 1099 432 1184; x_wconf 82' lang='lat' dir='ltr'>Quare</span> <span class='ocrx_word' id='word_1_39' title='bbox 448 1098 485 1167; x_wconf 92' lang='lat' dir='ltr'>in</span> <span class='ocrx_word' id='word_1_40' title='bbox 501 1099 707 1168; x_wconf 90' lang='lat' dir='ltr'>universum</span> <span class='ocrx_word' id='word_1_41' title='bbox 729 1099 921 1189; x_wconf 87' lang='lat' dir='ltr'>praemissa</span> <span class='ocrx_word' id='word_1_42' title='bbox 944 1097 980 1168; x_wconf 79' lang='lat' dir='ltr'>et</span> <span class='ocrx_word' id='word_1_43' title='bbox 995 1101 1236 1169; x_wconf 90' lang='lat' dir='ltr'>demonstrata</span> <span class='ocrx_word' id='word_1_44' title='bbox 1251 1124 1359 1189; x_wconf 92' lang='lat' dir='ltr'>quan-</span> 
     </span>
     <span class='ocr_line' id='line_1_8' title="bbox 191 1206 1362 1295; baseline 0.003 -24"><span class='ocrx_word' id='word_1_45' title='bbox 191 1215 269 1272; x_wconf 89' lang='lat' dir='ltr'>tum</span> <span class='ocrx_word' id='word_1_46' title='bbox 293 1206 451 1273; x_wconf 88' lang='lat' dir='ltr'>suasoria</span> <span class='ocrx_word' id='word_1_47' title='bbox 475 1206 595 1283; x_wconf 87' lang='lat' dir='ltr'>oratio,</span> <span class='ocrx_word' id='word_1_48' title='bbox 628 1230 734 1295; x_wconf 90' lang='lat' dir='ltr'>quam</span> <span class='ocrx_word' id='word_1_49' title='bbox 757 1230 838 1275; x_wconf 92' lang='lat' dir='ltr'>cum</span> <span class='ocrx_word' id='word_1_50' title='bbox 860 1207 1042 1275; x_wconf 90' lang='lat' dir='ltr'>laudativo</span> <span class='ocrx_word' id='word_1_51' title='bbox 1071 1230 1200 1295; x_wconf 87' lang='lat' dir='ltr'>genere</span> <span class='ocrx_word' id='word_1_52' title='bbox 1223 1207 1362 1293; x_wconf 82' lang='lat' dir='ltr'>Quinti·</span> 
     </span>
     <span class='ocr_line' id='line_1_9' title="bbox 189 1309 1361 1400; baseline 0.003 -23"><span class='ocrx_word' id='word_1_53' title='bbox 189 1309 308 1379; x_wconf 92' lang='lat' dir='ltr'>lianus</span> <span class='ocrx_word' id='word_1_54' title='bbox 325 1314 520 1380; x_wconf 87' lang='lat' dir='ltr'>Menander</span> <span class='ocrx_word' id='word_1_55' title='bbox 542 1312 602 1381; x_wconf 91' lang='lat' dir='ltr'>alii</span> <span class='ocrx_word' id='word_1_56' title='bbox 625 1316 753 1382; x_wconf 87' lang='lat' dir='ltr'>docent</span> <span class='ocrx_word' id='word_1_57' title='bbox 776 1315 968 1400; x_wconf 86' lang='lat' dir='ltr'>cohaerere,</span> <span class='ocrx_word' id='word_1_58' title='bbox 999 1314 1156 1382; x_wconf 89' lang='lat' dir='ltr'>flosculis</span> <span class='ocrx_word' id='word_1_59' title='bbox 1178 1313 1361 1382; x_wconf 91' lang='lat' dir='ltr'>rhetoricis</span> 
     </span>
     <span class='ocr_line' id='line_1_10' title="bbox 189 1417 1428 1505; baseline 0.001 -20"><span class='ocrx_word' id='word_1_60' title='bbox 189 1417 237 1486; x_wconf 91' lang='lat' dir='ltr'>sit</span> <span class='ocrx_word' id='word_1_61' title='bbox 264 1431 442 1505; x_wconf 88' lang='lat' dir='ltr'>exornata,</span> <span class='ocrx_word' id='word_1_62' title='bbox 477 1420 581 1488; x_wconf 85' lang='lat' dir='ltr'>certis</span> <span class='ocrx_word' id='word_1_63' title='bbox 607 1420 747 1489; x_wconf 89' lang='lat' dir='ltr'>dicendi</span> <span class='ocrx_word' id='word_1_64' title='bbox 781 1421 975 1489; x_wconf 88' lang='lat' dir='ltr'>luminibus</span> <span class='ocrx_word' id='word_1_65' title='bbox 1003 1419 1050 1490; x_wconf 92' lang='lat' dir='ltr'>sit</span> <span class='ocrx_word' id='word_1_66' title='bbox 1076 1420 1285 1505; x_wconf 90' lang='lat' dir='ltr'>illuminata,</span> <span class='ocrx_word' id='word_1_67' title='bbox 1320 1432 1361 1489; x_wconf 91' lang='lat' dir='ltr'>ut</span> <span class='ocrx_word' id='word_1_68' title='bbox 1425 1480 1428 1486; x_wconf 80' lang='grc'><strong><em>,</em></strong></span> 
     </span>
     <span class='ocr_line' id='line_1_11' title="bbox 189 1526 1358 1617; baseline 0.001 -25"><span class='ocrx_word' id='word_1_69' title='bbox 189 1527 388 1612; x_wconf 88' lang='lat' dir='ltr'>ostendam,</span> <span class='ocrx_word' id='word_1_70' title='bbox 423 1526 566 1616; x_wconf 91' lang='lat' dir='ltr'>singula</span> <span class='ocrx_word' id='word_1_71' title='bbox 600 1531 761 1617; x_wconf 88' lang='lat' dir='ltr'>exempla</span> <span class='ocrx_word' id='word_1_72' title='bbox 794 1529 902 1616; x_wconf 88' lang='lat' dir='ltr'>elig0‚</span> <span class='ocrx_word' id='word_1_73' title='bbox 937 1551 1027 1616; x_wconf 88' lang='lat' dir='ltr'>quae</span> <span class='ocrx_word' id='word_1_74' title='bbox 1061 1527 1167 1595; x_wconf 90' lang='lat' dir='ltr'>nimis</span> <span class='ocrx_word' id='word_1_75' title='bbox 1201 1528 1358 1595; x_wconf 87' lang='lat' dir='ltr'>scholam</span> 
     </span>
     <span class='ocr_line' id='line_1_12' title="bbox 190 1631 1092 1724; baseline 0.002 -25"><span class='ocrx_word' id='word_1_76' title='bbox 190 1631 336 1720; x_wconf 91' lang='lat' dir='ltr'>sapiunt</span> <span class='ocrx_word' id='word_1_77' title='bbox 355 1657 462 1721; x_wconf 88' lang='lat' dir='ltr'>quam</span> <span class='ocrx_word' id='word_1_78' title='bbox 485 1646 526 1703; x_wconf 93' lang='lat' dir='ltr'>ut</span> <span class='ocrx_word' id='word_1_79' title='bbox 547 1636 615 1704; x_wconf 90' lang='lat' dir='ltr'>hoc</span> <span class='ocrx_word' id='word_1_80' title='bbox 637 1637 715 1703; x_wconf 88' lang='lat' dir='ltr'>loco</span> <span class='ocrx_word' id='word_1_81' title='bbox 737 1635 925 1724; x_wconf 88' lang='lat' dir='ltr'>praeterire</span> <span class='ocrx_word' id='word_1_82' title='bbox 947 1634 1092 1723; x_wconf 92' lang='lat' dir='ltr'>possim:</span> 
     </span>
    </p>

    <p class='ocr_par' dir='ltr' id='par_1_4' title="bbox 189 1741 1360 2365">
     <span class='ocr_line' id='line_1_13' title="bbox 299 1741 1358 1833; baseline 0.002 -26"><span class='ocrx_word' id='word_1_83' title='bbox 299 1741 387 1808; x_wconf 92' lang='lat' dir='ltr'>illud</span> <span class='ocrx_word' id='word_1_84' title='bbox 410 1746 520 1833; x_wconf 79' lang='grc' dir='ltr'><strong><em>ἑτέραν</em></strong></span> <span class='ocrx_word' id='word_1_85' title='bbox 542 1746 695 1830; x_wconf 74' lang='grc' dir='ltr'><strong><em>ἐζήτησαν</em></strong></span> <span class='ocrx_word' id='word_1_86' title='bbox 724 1747 913 1829; x_wconf 76' lang='grc' dir='ltr'><strong><em>οἰκουμένην</em></strong></span> <span class='ocrx_word' id='word_1_87' title='bbox 936 1746 1016 1828; x_wconf 79' lang='grc' dir='ltr'><strong><em>ὑπὲρ</em></strong></span> <span class='ocrx_word' id='word_1_88' title='bbox 1039 1744 1182 1810; x_wconf 83' lang='grc' dir='ltr'><strong><em>ὠκεανὸν</em></strong></span> <span class='ocrx_word' id='word_1_89' title='bbox 1200 1744 1358 1828; x_wconf 71' lang='grc' dir='ltr'><strong><em>Ῥωμαῖοι</em></strong></span> 
     </span>
     <span class='ocr_line' id='line_1_14' title="bbox 191 1848 1359 1918; baseline 0.002 -5"><span class='ocrx_word' id='word_1_90' title='bbox 191 1850 309 1915; x_wconf 84' lang='grc'>11363</span> <span class='ocrx_word' id='word_1_91' title='bbox 334 1872 378 1915; x_wconf 92' lang='lat' dir='ltr'>ex</span> <span class='ocrx_word' id='word_1_92' title='bbox 400 1848 599 1918; x_wconf 84' lang='lat' dir='ltr'>imitatione</span> <span class='ocrx_word' id='word_1_93' title='bbox 622 1851 763 1917; x_wconf 91' lang='lat' dir='ltr'>scholae</span> <span class='ocrx_word' id='word_1_94' title='bbox 789 1848 1081 1917; x_wconf 87' lang='lat' dir='ltr'>exercitationum</span> <span class='ocrx_word' id='word_1_95' title='bbox 1105 1860 1141 1917; x_wconf 91' lang='lat' dir='ltr'>et</span> <span class='ocrx_word' id='word_1_96' title='bbox 1164 1848 1359 1916; x_wconf 88' lang='lat' dir='ltr'>dictionum</span> 
     </span>
     <span class='ocr_line' id='line_1_15' title="bbox 190 1954 1360 2044; baseline 0.002 -24"><span class='ocrx_word' id='word_1_97' title='bbox 190 1954 236 2020; x_wconf 94' lang='lat' dir='ltr'>de</span> <span class='ocrx_word' id='word_1_98' title='bbox 252 1955 452 2023; x_wconf 88' lang='lat' dir='ltr'>Alexandro</span> <span class='ocrx_word' id='word_1_99' title='bbox 470 1960 611 2044; x_wconf 88' lang='lat' dir='ltr'>Magno,</span> <span class='ocrx_word' id='word_1_100' title='bbox 635 1960 798 2044; x_wconf 88' lang='lat' dir='ltr'>Augusto</span> <span class='ocrx_word' id='word_1_101' title='bbox 822 1955 900 2024; x_wconf 92' lang='lat' dir='ltr'>aliis</span> <span class='ocrx_word' id='word_1_102' title='bbox 922 1956 1147 2043; x_wconf 90' lang='lat' dir='ltr'>pertritarum</span> <span class='ocrx_word' id='word_1_103' title='bbox 1170 1967 1360 2044; x_wconf 89' lang='lat' dir='ltr'>sumptum,</span> 
     </span>
     <span class='ocr_line' id='line_1_16' title="bbox 189 2061 1360 2132; baseline 0 -4"><span class='ocrx_word' id='word_1_104' title='bbox 189 2063 362 2129; x_wconf 93' lang='lat' dir='ltr'>hocloco</span> <span class='ocrx_word' id='word_1_105' title='bbox 389 2061 425 2129; x_wconf 94' lang='lat' dir='ltr'>in</span> <span class='ocrx_word' id='word_1_106' title='bbox 451 2066 631 2131; x_wconf 86' lang='lat' dir='ltr'>Romanos</span> <span class='ocrx_word' id='word_1_107' title='bbox 661 2066 875 2132; x_wconf 79' lang='lat' dir='ltr'>transfertur.</span> <span class='ocrx_word' id='word_1_108' title='bbox 909 2095 943 2118; x_wconf 68' lang='grc' dir='ltr'><em>ω</em></span> <span class='ocrx_word' id='word_1_109' title='bbox 977 2062 1133 2132; x_wconf 88' lang='lat' dir='ltr'>Velleius</span> <span class='ocrx_word' id='word_1_110' title='bbox 1157 2063 1360 2130; x_wconf 79' lang='lat' dir='ltr'>Paterculus</span> 
     </span>
     <span class='ocr_line' id='line_1_17' title="bbox 190 2169 1359 2258; baseline 0.001 -23"><span class='ocrx_word' id='word_1_111' title='bbox 190 2170 341 2236; x_wconf 87' lang='lat' dir='ltr'>alterum</span> <span class='ocrx_word' id='word_1_112' title='bbox 374 2192 487 2257; x_wconf 90' lang='lat' dir='ltr'>paene</span> <span class='ocrx_word' id='word_1_113' title='bbox 521 2169 668 2258; x_wconf 90' lang='lat' dir='ltr'>imperio</span> <span class='ocrx_word' id='word_1_114' title='bbox 702 2182 823 2238; x_wconf 88' lang='lat' dir='ltr'>nostro</span> <span class='ocrx_word' id='word_1_115' title='bbox 857 2181 893 2238; x_wconf 92' lang='lat' dir='ltr'>et</span> <span class='ocrx_word' id='word_1_116' title='bbox 928 2193 993 2237; x_wconf 90' lang='lat' dir='ltr'>suo</span> <span class='ocrx_word' id='word_1_117' title='bbox 1031 2192 1203 2257; x_wconf 86' lang='lat' dir='ltr'>quaerens</span> <span class='ocrx_word' id='word_1_118' title='bbox 1240 2171 1359 2236; x_wconf 91' lang='lat' dir='ltr'>orbem</span> 
     </span>
     <span class='ocr_line' id='line_1_18' title="bbox 190 2278 374 2365; baseline 0.011 -25"><span class='ocrx_word' id='word_1_119' title='bbox 190 2278 374 2365; x_wconf 85' lang='lat'>1146‚1.2)</span> 
     </span>
    </p>

    <p class='ocr_par' dir='ltr' id='par_1_5' title="bbox 189 2382 1364 3542">
     <span class='ocr_line' id='line_1_19' title="bbox 297 2382 1360 2472; baseline 0.002 -23"><span class='ocrx_word' id='word_1_120' title='bbox 297 2387 374 2450; x_wconf 90' lang='lat' dir='ltr'>Iam</span> <span class='ocrx_word' id='word_1_121' title='bbox 397 2407 499 2472; x_wconf 90' lang='lat' dir='ltr'>porro</span> <span class='ocrx_word' id='word_1_122' title='bbox 523 2395 563 2452; x_wconf 89' lang='lat' dir='ltr'>ut</span> <span class='ocrx_word' id='word_1_123' title='bbox 586 2384 655 2452; x_wconf 91' lang='lat' dir='ltr'>alia</span> <span class='ocrx_word' id='word_1_124' title='bbox 677 2387 859 2472; x_wconf 82' lang='lat' dir='ltr'>proferam,</span> <span class='ocrx_word' id='word_1_125' title='bbox 890 2382 1100 2452; x_wconf 87' lang='lat' dir='ltr'>rhetoricam</span> <span class='ocrx_word' id='word_1_126' title='bbox 1123 2406 1262 2472; x_wconf 92' lang='lat' dir='ltr'>quoque</span> <span class='ocrx_word' id='word_1_127' title='bbox 1285 2407 1360 2472; x_wconf 90' lang='lat' dir='ltr'>spc-</span> 
     </span>
     <span class='ocr_line' id='line_1_20' title="bbox 191 2488 1360 2580; baseline 0.001 -24"><span class='ocrx_word' id='word_1_128' title='bbox 191 2488 280 2557; x_wconf 91' lang='lat' dir='ltr'>ciem</span> <span class='ocrx_word' id='word_1_129' title='bbox 303 2493 521 2579; x_wconf 84' lang='lat' dir='ltr'>formamque</span> <span class='ocrx_word' id='word_1_130' title='bbox 552 2493 696 2580; x_wconf 89' lang='lat' dir='ltr'>praebet</span> <span class='ocrx_word' id='word_1_131' title='bbox 718 2493 812 2580; x_wconf 91' lang='lat' dir='ltr'>quod</span> <span class='ocrx_word' id='word_1_132' title='bbox 843 2514 914 2558; x_wconf 91' lang='lat' dir='ltr'>non</span> <span class='ocrx_word' id='word_1_133' title='bbox 948 2503 1002 2558; x_wconf 90' lang='lat' dir='ltr'>est</span> <span class='ocrx_word' id='word_1_134' title='bbox 1030 2491 1061 2557; x_wconf 95' lang='lat' dir='ltr'>ei</span> <span class='ocrx_word' id='word_1_135' title='bbox 1086 2490 1181 2575; x_wconf 91' lang='lat' dir='ltr'>satis,</span> <span class='ocrx_word' id='word_1_136' title='bbox 1212 2514 1360 2558; x_wconf 91' lang='lat' dir='ltr'>comme-</span> 
     </span>
     <span class='ocr_line' id='line_1_21' title="bbox 190 2597 1360 2688; baseline 0.002 -25"><span class='ocrx_word' id='word_1_137' title='bbox 190 2619 346 2665; x_wconf 89' lang='lat' dir='ltr'>morasse</span> <span class='ocrx_word' id='word_1_138' title='bbox 362 2597 580 2686; x_wconf 86' lang='lat' dir='ltr'>simplicibus</span> <span class='ocrx_word' id='word_1_139' title='bbox 595 2598 711 2666; x_wconf 88' lang='lat' dir='ltr'>verbis</span> <span class='ocrx_word' id='word_1_140' title='bbox 726 2600 906 2688; x_wconf 90' lang='lat' dir='ltr'>populum,</span> <span class='ocrx_word' id='word_1_141' title='bbox 930 2599 991 2665; x_wconf 91' lang='lat' dir='ltr'>sed</span> <span class='ocrx_word' id='word_1_142' title='bbox 1009 2597 1209 2665; x_wconf 91' lang='lat' dir='ltr'>tetracolica</span> <span class='ocrx_word' id='word_1_143' title='bbox 1224 2597 1360 2665; x_wconf 91' lang='lat' dir='ltr'>ratione</span> 
     </span>
     <span class='ocr_line' id='line_1_22' title="bbox 191 2703 1358 2793; baseline -0.001 -22"><span class='ocrx_word' id='word_1_144' title='bbox 191 2703 278 2771; x_wconf 88' lang='lat' dir='ltr'>caeli</span> <span class='ocrx_word' id='word_1_145' title='bbox 312 2705 516 2793; x_wconf 88' lang='lat' dir='ltr'>regionibus</span> <span class='ocrx_word' id='word_1_146' title='bbox 549 2706 772 2790; x_wconf 90' lang='lat' dir='ltr'>enumeratis,</span> <span class='ocrx_word' id='word_1_147' title='bbox 808 2704 867 2792; x_wconf 94' lang='lat' dir='ltr'>qui</span> <span class='ocrx_word' id='word_1_148' title='bbox 895 2703 985 2771; x_wconf 83' lang='lat' dir='ltr'>lines</span> <span class='ocrx_word' id='word_1_149' title='bbox 1020 2704 1203 2771; x_wconf 90' lang='lat' dir='ltr'>includant</span> <span class='ocrx_word' id='word_1_150' title='bbox 1231 2714 1358 2772; x_wconf 91' lang='lat' dir='ltr'>terram</span> 
     </span>
     <span class='ocr_line' id='line_1_23' title="bbox 190 2810 1360 2900; baseline -0.001 -23"><span class='ocrx_word' id='word_1_151' title='bbox 190 2821 228 2878; x_wconf 91' lang='lat' dir='ltr'>et</span> <span class='ocrx_word' id='word_1_152' title='bbox 251 2812 449 2897; x_wconf 89' lang='lat' dir='ltr'>terminent,</span> <span class='ocrx_word' id='word_1_153' title='bbox 472 2812 625 2900; x_wconf 88' lang='lat' dir='ltr'>exponit</span> <span class='ocrx_word' id='word_1_154' title='bbox 673 2815 753 2897; x_wconf 80' lang='lat' dir='ltr'>Qua</span> <span class='ocrx_word' id='word_1_155' title='bbox 776 2811 1031 2886; x_wconf 87' lang='lat' dir='ltr'>consuetudine</span> <span class='ocrx_word' id='word_1_156' title='bbox 1061 2810 1261 2878; x_wconf 90' lang='lat' dir='ltr'>rhetoribus</span> <span class='ocrx_word' id='word_1_157' title='bbox 1284 2833 1360 2898; x_wconf 77' lang='lat' dir='ltr'>pro</span> 
     </span>
     <span class='ocr_line' id='line_1_24' title="bbox 192 2919 1360 3008; baseline -0.001 -23"><span class='ocrx_word' id='word_1_158' title='bbox 192 2919 277 2986; x_wconf 91' lang='lat' dir='ltr'>bata</span> <span class='ocrx_word' id='word_1_159' title='bbox 301 2920 507 3007; x_wconf 88' lang='lat' dir='ltr'>(Menander</span> <span class='ocrx_word' id='word_1_160' title='bbox 530 2920 609 3008; x_wconf 80' lang='grc' dir='ltr'><strong><em>περὶ</em></strong></span> <span class='ocrx_word' id='word_1_161' title='bbox 638 2923 797 2988; x_wconf 70' lang='lat' dir='ltr'>lardum.</span> <span class='ocrx_word' id='word_1_162' title='bbox 836 2921 890 2984; x_wconf 89' lang='lat'>111</span> <span class='ocrx_word' id='word_1_163' title='bbox 915 2942 946 3007; x_wconf 95' lang='lat' dir='ltr'>p.</span> <span class='ocrx_word' id='word_1_164' title='bbox 967 2922 1030 2984; x_wconf 85' lang='grc'>343</span> <span class='ocrx_word' id='word_1_165' title='bbox 1054 2919 1112 3004; x_wconf 88' lang='lat' dir='ltr'>Sp.</span> <span class='ocrx_word' id='word_1_166' title='bbox 1136 2920 1227 2985; x_wconf 73' lang='grc' dir='ltr'><strong><em>θέσιν</em></strong></span> <span class='ocrx_word' id='word_1_167' title='bbox 1250 2919 1360 2984; x_wconf 80' lang='grc' dir='ltr'><strong><em>τοίνυν</em></strong></span> 
     </span>
     <span class='ocr_line' id='line_1_25' title="bbox 189 3018 1364 3113; baseline -0.002 -21"><span class='ocrx_word' id='word_1_168' title='bbox 189 3024 300 3113; x_wconf 84' lang='grc' dir='ltr'><strong><em>χώρας</em></strong></span> <span class='ocrx_word' id='word_1_169' title='bbox 321 3028 538 3113; x_wconf 80' lang='grc' dir='ltr'><strong><em>δοκιμάζομεν</em></strong></span> <span class='ocrx_word' id='word_1_170' title='bbox 559 3030 613 3094; x_wconf 84' lang='grc' dir='ltr'>καί</span> <span class='ocrx_word' id='word_1_171' title='bbox 634 3026 796 3113; x_wconf 82' lang='grc' dir='ltr'><strong><em>κρίνομεν,</em></strong></span> <span class='ocrx_word' id='word_1_172' title='bbox 827 3019 917 3099; x_wconf 75' lang='grc' dir='ltr'><em>ὅπως</em></span> <span class='ocrx_word' id='word_1_173' title='bbox 939 3034 1036 3092; x_wconf 84' lang='grc' dir='ltr'><strong><em>κεῖται</em></strong></span> <span class='ocrx_word' id='word_1_174' title='bbox 1057 3018 1141 3109; x_wconf 78' lang='grc' dir='ltr'><strong><em>πρὸς</em></strong></span> <span class='ocrx_word' id='word_1_175' title='bbox 1164 3026 1308 3109; x_wconf 81' lang='grc' dir='ltr'><strong><em>οὐρανόν,</em></strong></span> <span class='ocrx_word' id='word_1_176' title='bbox 1335 3029 1364 3090; x_wconf 88' lang='grc' dir='ltr'>εί</span> 
     </span>
     <span class='ocr_line' id='line_1_26' title="bbox 191 3121 1359 3223; baseline -0.001 -24"><span class='ocrx_word' id='word_1_177' title='bbox 191 3136 226 3199; x_wconf 73' lang='grc' dir='ltr'>ἐν</span> <span class='ocrx_word' id='word_1_178' title='bbox 261 3136 399 3219; x_wconf 74' lang='grc' dir='ltr'><strong><em>δυσμαῖς</em></strong></span> <span class='ocrx_word' id='word_1_179' title='bbox 432 3129 454 3223; x_wconf 73' lang='grc' dir='ltr'>ἢ</span> <span class='ocrx_word' id='word_1_180' title='bbox 481 3138 515 3201; x_wconf 80' lang='grc' dir='ltr'>ἐν</span> <span class='ocrx_word' id='word_1_181' title='bbox 543 3125 708 3206; x_wconf 79' lang='grc' dir='ltr'><strong><em>ἆνοτολαῖς</em></strong></span> <span class='ocrx_word' id='word_1_182' title='bbox 741 3129 763 3223; x_wconf 76' lang='grc' dir='ltr'><strong><em>ἢ</em></strong></span> <span class='ocrx_word' id='word_1_183' title='bbox 790 3137 823 3199; x_wconf 83' lang='grc' dir='ltr'>ἒν</span> <span class='ocrx_word' id='word_1_184' title='bbox 849 3135 1029 3219; x_wconf 81' lang='grc' dir='ltr'><strong><em>μεσημβρίᾳ</em></strong></span> <span class='ocrx_word' id='word_1_185' title='bbox 1063 3137 1083 3216; x_wconf 82' lang='grc' dir='ltr'><em>ἢ</em></span> <span class='ocrx_word' id='word_1_186' title='bbox 1111 3135 1145 3198; x_wconf 75' lang='grc' dir='ltr'>ἓν</span> <span class='ocrx_word' id='word_1_187' title='bbox 1174 3121 1294 3218; x_wconf 65' lang='grc' dir='ltr'><strong><em>ἄρκτῳ)</em></strong></span> <span class='ocrx_word' id='word_1_188' title='bbox 1322 3131 1359 3198; x_wconf 89' lang='lat' dir='ltr'>in</span> 
     </span>
     <span class='ocr_line' id='line_1_27' title="bbox 192 3237 1360 3330; baseline -0.001 -25"><span class='ocrx_word' id='word_1_189' title='bbox 192 3240 364 3307; x_wconf 89' lang='lat' dir='ltr'>Romanis</span> <span class='ocrx_word' id='word_1_190' title='bbox 387 3241 536 3330; x_wconf 87' lang='grc'>(11363)</span> <span class='ocrx_word' id='word_1_191' title='bbox 560 3252 596 3309; x_wconf 92' lang='lat' dir='ltr'>et</span> <span class='ocrx_word' id='word_1_192' title='bbox 619 3241 731 3309; x_wconf 89' lang='lat' dir='ltr'>Gallis</span> <span class='ocrx_word' id='word_1_193' title='bbox 757 3241 804 3329; x_wconf 81' lang='grc' dir='ltr'>(ΙΙ</span> <span class='ocrx_word' id='word_1_194' title='bbox 826 3241 905 3327; x_wconf 83' lang='grc'>371)</span> <span class='ocrx_word' id='word_1_195' title='bbox 934 3238 1170 3306; x_wconf 90' lang='lat' dir='ltr'>describendis</span> <span class='ocrx_word' id='word_1_196' title='bbox 1200 3237 1360 3304; x_wconf 89' lang='lat' dir='ltr'>adhibita</span> 
     </span>
     <span class='ocr_line' id='line_1_28' title="bbox 190 3343 1359 3437; baseline -0.003 -22"><span class='ocrx_word' id='word_1_197' title='bbox 190 3346 261 3415; x_wconf 87' lang='lat' dir='ltr'>alio</span> <span class='ocrx_word' id='word_1_198' title='bbox 276 3427 278 3437; x_wconf 20' lang='grc' dir='ltr'><strong>μ</strong></span> <span class='ocrx_word' id='word_1_199' title='bbox 295 3370 434 3435; x_wconf 91' lang='lat' dir='ltr'>quoque</span> <span class='ocrx_word' id='word_1_200' title='bbox 466 3349 544 3415; x_wconf 92' lang='lat' dir='ltr'>loco</span> <span class='ocrx_word' id='word_1_201' title='bbox 578 3347 699 3431; x_wconf 89' lang='lat' dir='ltr'>utitur,</span> <span class='ocrx_word' id='word_1_202' title='bbox 733 3358 774 3414; x_wconf 91' lang='lat' dir='ltr'>ut</span> <span class='ocrx_word' id='word_1_203' title='bbox 808 3346 981 3413; x_wconf 91' lang='lat' dir='ltr'>exercitus</span> <span class='ocrx_word' id='word_1_204' title='bbox 1014 3343 1166 3412; x_wconf 90' lang='lat' dir='ltr'>Romani</span> <span class='ocrx_word' id='word_1_205' title='bbox 1201 3346 1359 3412; x_wconf 82' lang='lat' dir='ltr'>confecta</span> 
     </span>
     <span class='ocr_line' id='line_1_29' title="bbox 190 3453 916 3542; baseline -0.003 -21"><span class='ocrx_word' id='word_1_206' title='bbox 190 3454 425 3542; x_wconf 87' lang='lat' dir='ltr'>descriptione</span> <span class='ocrx_word' id='word_1_207' title='bbox 448 3454 548 3542; x_wconf 89' lang='lat' dir='ltr'>quasi</span> <span class='ocrx_word' id='word_1_208' title='bbox 572 3454 752 3542; x_wconf 87' lang='lat' dir='ltr'>epilogum</span> <span class='ocrx_word' id='word_1_209' title='bbox 775 3453 916 3537; x_wconf 75' lang='lat' dir='ltr'>adiciat:</span> 
     </span>
    </p>

    <p class='ocr_par' dir='ltr' id='par_1_6' title="bbox 300 3552 1360 3652">
     <span class='ocr_line' id='line_1_30' title="bbox 300 3552 1360 3652; baseline -0.002 -25"><span class='ocrx_word' id='word_1_210' title='bbox 300 3565 424 3629; x_wconf 85' lang='lat'>11363.</span> <span class='ocrx_word' id='word_1_211' title='bbox 458 3566 497 3628; x_wconf 83' lang='grc' dir='ltr'>οὐ</span> <span class='ocrx_word' id='word_1_212' title='bbox 521 3558 584 3652; x_wconf 74' lang='grc' dir='ltr'>γὰρ</span> <span class='ocrx_word' id='word_1_213' title='bbox 608 3561 774 3652; x_wconf 73' lang='grc' dir='ltr'><strong><em>ἐξήρκεσεν</em></strong></span> <span class='ocrx_word' id='word_1_214' title='bbox 797 3565 905 3634; x_wconf 81' lang='grc' dir='ltr'><strong><em>αὐτοῖς</em></strong></span> <span class='ocrx_word' id='word_1_215' title='bbox 931 3561 984 3648; x_wconf 84' lang='lat' dir='ltr'>[se</span> <span class='ocrx_word' id='word_1_216' title='bbox 1000 3568 1064 3633; x_wconf 85' lang='grc' dir='ltr'><strong><em>τοῖς</em></strong></span> <span class='ocrx_word' id='word_1_217' title='bbox 1075 3559 1260 3646; x_wconf 88' lang='grc' dir='ltr'><strong><em>Ῥωμαίοις]</em></strong></span> <span class='ocrx_word' id='word_1_218' title='bbox 1287 3552 1360 3633; x_wconf 78' lang='grc' dir='ltr'><strong><em>ὅλος</em></strong></span> 
     </span>
    </p>
   </div>
   <div class='ocr_carea' id='block_1_3' title="bbox 190 3657 1360 3761">
    <p class='ocr_par' dir='ltr' id='par_1_7' title="bbox 190 3657 1360 3761">
     <span class='ocr_line' id='line_1_31' title="bbox 190 3657 1360 3761; baseline 0.002 -27"><span class='ocrx_word' id='word_1_219' title='bbox 190 3667 368 3761; x_wconf 80' lang='grc' dir='ltr'><strong><em>Εὐφράτης</em></strong></span> <span class='ocrx_word' id='word_1_220' title='bbox 394 3665 457 3738; x_wconf 77' lang='grc' dir='ltr'>ὑπὸ</span> <span class='ocrx_word' id='word_1_221' title='bbox 483 3663 543 3761; x_wconf 72' lang='grc' dir='ltr'>τὴν</span> <span class='ocrx_word' id='word_1_222' title='bbox 570 3663 724 3757; x_wconf 69' lang='grc' dir='ltr'><strong><em>ἀνατολήν</em></strong></span> <span class='ocrx_word' id='word_1_223' title='bbox 750 3669 827 3736; x_wconf 76' lang='grc' dir='ltr'><strong><em>οὐδὲ</em></strong></span> <span class='ocrx_word' id='word_1_224' title='bbox 853 3674 918 3734; x_wconf 80' lang='grc' dir='ltr'>τῶν</span> <span class='ocrx_word' id='word_1_225' title='bbox 944 3671 1163 3753; x_wconf 83' lang='grc' dir='ltr'><strong><em>προσαρκτίων</em></strong></span> <span class='ocrx_word' id='word_1_226' title='bbox 1191 3670 1208 3735; x_wconf 86' lang='grc' dir='ltr'><em>ὅ</em></span> <span class='ocrx_word' id='word_1_227' title='bbox 1231 3657 1360 3752; x_wconf 79' lang='grc' dir='ltr'><strong><em>Ἴστρος</em></strong></span> 
     </span>
    </p>
   </div>
   <div class='ocr_carea' id='block_1_4' title="bbox 302 3922 814 4008">
    <p class='ocr_par' dir='ltr' id='par_1_8' title="bbox 302 3922 814 4008">
     <span class='ocr_line' id='line_1_32' title="bbox 302 3922 814 4008; baseline -0.004 -24"><span class='ocrx_word' id='word_1_228' title='bbox 302 3922 327 4008; x_wconf 93' lang='lat'>¹)</span> <span class='ocrx_word' id='word_1_229' title='bbox 350 3927 405 3984; x_wconf 88' lang='lat' dir='ltr'>Rh.</span> <span class='ocrx_word' id='word_1_230' title='bbox 429 3926 508 3984; x_wconf 86' lang='lat' dir='ltr'>Mus.</span> <span class='ocrx_word' id='word_1_231' title='bbox 535 3925 627 3993; x_wconf 84' lang='lat'>1899.</span> <span class='ocrx_word' id='word_1_232' title='bbox 651 3946 679 4001; x_wconf 88' lang='lat' dir='ltr'>p.</span> <span class='ocrx_word' id='word_1_233' title='bbox 697 3924 814 4001; x_wconf 80' lang='lat' dir='ltr'>466sq.</span> 
     </span>
    </p>
   </div>
   <div class='ocr_carea' id='block_1_5' title="bbox 190 4029 1359 4289">
    <p class='ocr_par' dir='ltr' id='par_1_9' title="bbox 190 4029 1359 4289">
     <span class='ocr_line' id='line_1_33' title="bbox 300 4029 1359 4112; baseline -0.004 -20"><span class='ocrx_word' id='word_1_234' title='bbox 300 4033 327 4112; x_wconf 84' lang='lat'>²)</span> <span class='ocrx_word' id='word_1_235' title='bbox 351 4033 388 4096; x_wconf 82' lang='lat' dir='ltr'>cl.</span> <span class='ocrx_word' id='word_1_236' title='bbox 413 4034 517 4111; x_wconf 86' lang='lat' dir='ltr'>Klebs,</span> <span class='ocrx_word' id='word_1_237' title='bbox 542 4035 711 4109; x_wconf 87' lang='lat' dir='ltr'>Philologus</span> <span class='ocrx_word' id='word_1_238' title='bbox 737 4031 820 4093; x_wconf 86' lang='lat'>1890</span> <span class='ocrx_word' id='word_1_239' title='bbox 844 4052 873 4107; x_wconf 91' lang='lat' dir='ltr'>p.</span> <span class='ocrx_word' id='word_1_240' title='bbox 891 4030 965 4092; x_wconf 83' lang='lat'>299.</span> <span class='ocrx_word' id='word_1_241' title='bbox 1001 4030 1167 4108; x_wconf 82' lang='lat' dir='ltr'>Morawslri,</span> <span class='ocrx_word' id='word_1_242' title='bbox 1191 4029 1359 4088; x_wconf 82' lang='lat' dir='ltr'>Zeitachrilt</span> 
     </span>
     <span class='ocr_line' id='line_1_34' title="bbox 190 4119 1359 4197; baseline -0.005 -15"><span class='ocrx_word' id='word_1_243' title='bbox 190 4123 237 4182; x_wconf 80' lang='lat' dir='ltr'>idr</span> <span class='ocrx_word' id='word_1_244' title='bbox 249 4124 303 4182; x_wconf 86' lang='lat' dir='ltr'>das</span> <span class='ocrx_word' id='word_1_245' title='bbox 316 4125 564 4182; x_wconf 76' lang='lat' dir='ltr'>osterreichische</span> <span class='ocrx_word' id='word_1_246' title='bbox 577 4123 852 4197; x_wconf 80' lang='lat' dir='ltr'>Gymnasialwesen</span> <span class='ocrx_word' id='word_1_247' title='bbox 868 4119 962 4180; x_wconf 86' lang='lat'>1893.</span> <span class='ocrx_word' id='word_1_248' title='bbox 996 4120 1128 4188; x_wconf 88' lang='lat' dir='ltr'>Norden,</span> <span class='ocrx_word' id='word_1_249' title='bbox 1141 4123 1207 4178; x_wconf 80' lang='lat' dir='ltr'>Ant.</span> <span class='ocrx_word' id='word_1_250' title='bbox 1217 4119 1359 4196; x_wconf 79' lang='lat' dir='ltr'>Konstpr.</span> 
     </span>
     <span class='ocr_line' id='line_1_35' title="bbox 190 4211 602 4289; baseline -0.012 -15"><span class='ocrx_word' id='word_1_251' title='bbox 190 4233 221 4289; x_wconf 86' lang='lat' dir='ltr'>p.</span> <span class='ocrx_word' id='word_1_252' title='bbox 238 4212 313 4280; x_wconf 82' lang='lat'>309.</span> <span class='ocrx_word' id='word_1_253' title='bbox 337 4213 447 4271; x_wconf 82' lang='lat' dir='ltr'>Aeneis</span> <span class='ocrx_word' id='word_1_254' title='bbox 464 4213 506 4269; x_wconf 89' lang='lat' dir='ltr'>VI</span> <span class='ocrx_word' id='word_1_255' title='bbox 528 4211 602 4273; x_wconf 90' lang='grc'>317.</span> 
     </span>
    </p>
   </div>
   <div class='ocr_carea' id='block_1_6' title="bbox 0 0 1564 4958">
    <p class='ocr_par' dir='ltr' id='par_1_10' title="bbox 0 0 1564 4958">
     <span class='ocr_line' id='line_1_36' title="bbox 0 0 1564 4958; baseline 0 0"><span class='ocrx_word' id='word_1_256' title='bbox 0 0 1564 4958; x_wconf 95' lang='lat' dir='ltr'> </span> 
     </span>
    </p>
   </div>
  </div>
 </body>
</html>
