3120 4958
668 297 887 380 -1o÷

185 496 261 596 ήτε
292 502 490 598 μεσημβρινὴ
522 512 615 592 μέχρι
646 512 709 573 τῶν
742 497 902 599 άοικήτων
933 510 1139 597 ἐρευνηθεῖσα
1165 509 1271 598 Λιβύη
1303 509 1359 575 καί

190 610 333 696 Γάδαρα
355 608 437 696 πρὸς
460 611 597 698 ἑσπέραν
619 637 654 660 Ν

294 722 437 786 ΙΙ1107.
461 724 494 787 τί
513 722 709 806 θαυμαστὸν,
732 720 761 790 ελ
782 716 865 808 πρὸς
888 724 932 790 ἕω
956 724 1015 807 μέν
1040 724 1219 810 Εὐφράτης,
1255 718 1357 787 ciura-

188 820 246 907 νδς
270 826 306 895 δέ
330 823 414 916 πρδς
441 825 585 912 ἑσπέραν,
615 824 832 920 μεσημβρινὸν
859 831 896 898 δὲ
918 832 1044 919 Λιβύης
1070 825 1109 896 τδ
1132 826 1280 895 πιότατον
1303 830 1359 894 καί

186 928 268 1017 πρὸς
291 924 407 1019 ἶν’ρκτον
428 960 460 1000 τε
476 923 603 1019 Ἴστρος
624 961 659 1001 τε
681 939 735 1002 καί
756 928 868 1026 Ῥῆνος
890 944 946 1028 τῆς
968 930 1138 1027 ἡγεμονίας
1161 929 1247 1023 ὅρου·

294 1044 419 1127 Neque
450 1039 568 1107 minus·
601 1043 807 1110 sollemnem
834 1046 1011 1131 quendam
1040 1065 1145 1110 usum
1177 1054 1356 1110 oratorum

187 1158 224 1215 et
261 1146 485 1232 tralaticium,
531 1147 590 1236 qui
632 1148 732 1236 quasi
771 1161 980 1238 apparatum
1018 1149 1159 1217 usitatis
1197 1148 1358 1215 formulis

191 1255 417 1338 exornabant,
452 1255 580 1322 docent
608 1256 765 1342 epitheta
800 1257 962 1345 gentium
990 1268 1025 1325 et
1053 1268 1232 1340 terrarum,
1266 1277 1359 1342 quae

189 1371 225 1427 et
248 1362 291 1428 de
313 1361 427 1448 poetis
458 1372 712 1450 poetarumque
735 1362 948 1431 carminibus
981 1365 1173 1430 admonent
1196 1364 1295 1429 velut
1322 1366 1358 1430 αἱ

186 1466 317 1551 Σύρτεις
350 1469 406 1535 καὶ
440 1474 511 1549 τοῖς
546 1463 703 1537 άκούουσι
736 1474 879 1557 φοβεροί
913 1474 1039 1537 11381.
1064 1469 1158 1537 etin
1183 1481 1355 1536 terrarum

188 1573 482 1661 descriptionibus
512 1575 743 1643 inveniuntur
765 1579 864 1644 velut
888 1576 1049 1663 Dionysii
1080 1575 1282 1663 libelloqui
1307 1574 1359 1641 in-

188 1680 351 1748 scribitur
372 1682 558 1774 περιήγησις
573 1682 716 1769 Dionys.
741 1688 873 1753 335136.
908 1676 1051 1775 Ἰβήρων,
1075 1689 1184 1769 γείτων
1199 1688 1358 1751 ὠκεανοῖο

193 1789 232 1854 ct
256 1789 433 1874 Josephus
457 1793 492 1855 11
511 1794 583 1857 374.
619 1791 695 1858 οὐδὲ
719 1789 888 1880 ἐξήρκεσεν
903 1783 1045 1880 Ἴβηρσιν
1068 1789 1182 1878 γείτων
1205 1781 1357 1870 ὠκεανός.

301 1900 369 1962 186.
408 1894 576 1981 Νομάδων
609 1902 854 1982 παραπέπταται
889 1885 1008 1964 άσπετα
1042 1900 1126 1988 quida
1161 1924 1195 1946 Ν
1230 1899 1357 1963 11381.

189 2002 402 2087 Μαρμαρίδαι
434 1996 474 2070 τδ
501 2008 590 2090 μέχρι
623 2010 678 2093 τῆς
709 2001 851 2092 διψάδος
878 2006 1079 2089 ἐκτεταμένον
1112 2007 1214 2089 φῦλον
1240 2006 1294 2069 καλ
1321 1997 1358 2070 τδ

188 2107 360 2193 Νομάδων
382 2099 514 2195 άπειρον
535 2112 668 2201 πλῆθος.

229 2251 235 2259 -
297 2218 379 2282 Huc
402 2238 540 2304 quoque
563 2227 726 2303 spectant
748 2216 985 2284 subiectarum
1008 2216 1170 2304 gentium
1194 2219 1358 2305 exempla

190 2323 372 2408 quaedam,
407 2345 497 2410 quae
519 2345 590 2390 nou
616 2333 656 2390 ut
679 2345 744 2390 sua
765 2322 943 2411 possidere
966 2346 1057 2409 eum,
1092 2326 1154 2391 sed
1178 2336 1219 2391 ut
1242 2322 1359 2390 aliena

189 2427 317 2496 libasse
340 2430 396 2496 vel
420 2429 502 2496 inde
533 2440 651 2519 potest
674 2429 848 2517 cognosci,
880 2432 973 2517 quod
997 2432 1120 2499 eadem
1142 2429 1259 2498 verbis
1285 2432 1359 2497 iere

187 2535 345 2622 repetitis
368 2537 517 2604 redeunt
540 2536 576 2602 in
601 2537 766 2604 contione
789 2560 809 2604 a
832 2536 915 2605 Tito
939 2537 1074 2606 habita:

296 2646 424 2713 11376.
459 2647 503 2717 τίς
530 2647 590 2710 οὐκ
618 2635 704 2730 άκοῇ
731 2647 925 2736 παρείληφεν
951 2641 990 2713 τδ
1015 2653 1190 2731 Γερμανῶν
1216 2647 1358 2735 πλῆθος

189 2740 291 2838 άλκήν
313 2750 373 2835 μὲν
396 2744 458 2835 γδρ
481 2750 537 2818 καὶ
561 2750 723 2836 σωμάτων
743 2754 867 2842 μεγέύη
892 2749 996 2820 εἰἰλετε.

294 2880 328 2904 Ν
352 2859 402 2925 VI
419 2861 492 2924 331.
528 2849 611 2944 α’λκῇ
645 2856 810 2943 στομάτων
849 2857 1053 2943 πεποιύύτεςς
1098 2861 1153 2926 καλ
1185 2854 1250 2949 μήν
1283 2855 1359 2927 ίστε

188 2965 373 3050 Γερμανοὺς
394 2965 602 3038 δουλεύοντας
623 2956 710 3054 ήμῖν.

295 3074 422 3137 11:376.
457 3073 624 3159 σκέψασθε
650 3067 685 3138 τὸ
709 3074 894 3155 Βρεττανῶν
918 3081 1018 3158 τεῖχος
1044 3077 1075 3140 ol
1095 3078 1165 3152 τοῖς
1186 3062 1358 3157 Ἱεροσολύ-

188 3205 262 3264 μων
298 3179 489 3257 πεποιύύιες
525 3181 666 3263 τείχεσιν,
703 3179 759 3246 καὶ
798 3175 861 3265 γάρ
898 3183 1036 3260 ἐκείνους
1072 3181 1359 3269 περιβεβλημένους

190 3283 427 3353 ὠκεανόν...

295 3415 330 3438 Ν
352 3395 403 3460 VI
420 3396 492 3458 331.
532 3382 698 3477 ὀχυρότητι
735 3399 860 3477 τειχῶνς
904 3395 957 3460 καλ
995 3395 1023 3458 τί
1056 3392 1165 3477 μεῖζον
1211 3382 1358 3459 ιύκεανοῦ

189 3505 291 3586 τεῖχος
312 3496 446 3586 κώλυμα
471 3491 508 3566 ὅν
530 3502 790 3590 περιβεβλημένοι
812 3500 994 3585 Βρεττανοὶ
1015 3495 1056 3566 τά
1080 3491 1248 3585 Ῥωμαίων
1273 3491 1359 3567 ὅπλα

192 3615 431 3695 προσκυνοῦσιν.
823 3679 827 3689 Ι

238 3778 243 3789 ,
296 3716 332 3779 ΙΙ
349 3718 422 3780 380.
450 3711 580 3780 πάντων
607 3708 649 3781 τὰ
669 3705 838 3799 Ῥωμαίων
866 3705 949 3780 ὅπλα
976 3716 1239 3798 προσκυνούντων
1266 3705 1360 3798 ὑμεῖς

189 3818 385 3910 πολεμήσετε
401 3822 485 3912 μηδὲ
506 3817 545 3887 τὸ
562 3822 791 3912 Καρχηδονίων
811 3823 898 3893 τέλος
921 3830 1115 3902 σκοποῦντες
1137 3816 1243 3888 ολτδν
1257 3824 1359 3906 μέγαν

191 3931 362 4013 αὐχοῦντες
383 3919 529 4012 Ἀννίβαν
550 3923 614 3994 ῦπδ
638 3923 695 4018 τήν
719 3931 895 4001 Σκιπίωνος
917 3923 1024 4010 δεξιάν
1045 3926 1168 3996 ἔπεσον.

296 4056 332 4080 Ν
354 4036 405 4104 VI
430 4039 503 4101 332.
538 4039 686 4126 καρτερίᾳ
717 4045 825 4125 ψυχῆς
857 4034 916 4103 καὶ
946 4038 1125 4124 πανουργίᾳ
1159 4043 1359 4126 στρατηγῶν,·

192 4128 273 4211 άλλά
294 4141 360 4227 μὴν
380 4130 483 4232 ήδειτε
505 4142 561 4210 καὶ
586 4144 828 4233 Καρχηδονίους
852 4133 996 4223 άλύντας.
