3120 4958
584 339 804 400 ,65-

221 549 301 631 Qua
323 545 460 613 ratione
484 546 727 614 conformandi
751 569 832 614 cum
855 546 999 634 singula
1014 549 1172 614 membra
1187 546 1288 615 iuxta

108 665 301 741 ponantur,
324 652 361 720 in
385 652 464 721 aliis
487 653 682 721 enuntiatis
705 652 882 741 periodice
905 653 1117 741 compositis,
1152 653 1188 721 in
1213 653 1288 741 qui-

111 762 179 828 bus
203 783 342 827 summa
373 763 430 827 lex
466 771 502 827 et
536 760 748 847 gravissima
782 773 837 828 est
860 760 979 828 unitas
1003 760 1214 847 argumenti,
1247 783 1289 828 ea

111 890 177 950 res,
194 870 238 934 ad
255 890 361 955 quam
377 868 572 954 disputatio
589 879 726 955 spectat
742 879 779 935 et
795 870 933 936 trahere
950 870 1028 936 vult
1044 867 1287 951 attentionem,

110 973 149 1041 in
174 973 247 1042 iine
270 975 423 1062 ponitur,
452 975 507 1041 cni
532 977 774 1062 praeparando
797 986 834 1043 et
857 974 1066 1063 explicando
1090 974 1289 1042 inserviunt

111 1081 312 1149 sententiae
335 1081 554 1169 praemissae.
603 1084 683 1166 Quo
708 1081 942 1171 componendi
964 1105 1102 1169 genere,
1126 1104 1196 1168 quo
1212 1103 1289 1148 sen-

112 1188 247 1256 tentiae
270 1189 434 1267 variatae,
469 1211 560 1276 quae
594 1212 614 1254 a
638 1211 703 1255 suo
733 1187 905 1277 principio
929 1190 1168 1255 deflectuntur
1191 1199 1227 1255 et
1249 1186 1289 1253 li-

110 1294 230 1362 berius
254 1307 441 1383 vagantur,
465 1298 509 1362 ad
534 1318 645 1362 unum
669 1295 718 1362 rei
743 1306 850 1382 caput
865 1297 1064 1362 referuntur
1079 1306 1115 1362 et
1130 1297 1288 1378 redeunt,

110 1403 226 1470 utitur
259 1405 439 1491 Josephus
474 1402 646 1489 imprimis
681 1425 723 1469 eo
759 1401 914 1485 consilio,
950 1413 990 1469 ut
1026 1406 1207 1468 Romanos
1242 1401 1287 1468 ad

109 1511 281 1577 maiorem
316 1508 389 1578 vim
424 1508 635 1577 rhetoricam
663 1508 887 1576 efficiendam
912 1531 993 1575 cum
1017 1507 1094 1576 aliis
1119 1507 1287 1595 gentibus

110 1630 301 1706 comparet,
338 1615 488 1685 virtutes
523 1615 769 1684 fortitudinem
802 1614 1088 1703 magnitudinem
1113 1614 1288 1702 explicate

110 1724 288 1791 describat
304 1735 340 1791 et
356 1725 508 1791 celebret
523 1722 685 1810 gentium
701 1722 949 1806 subiectarum,
966 1721 1117 1789 victores
1129 1732 1287 1810 opponat

112 1834 296 1897 Romanos
321 1830 417 1898 brevi
443 1830 629 1897 enuntiato
653 1852 910 1916 numerumque
933 1829 1112 1916 copiarum
1136 1850 1286 1915 parvum

110 1940 211 2005 velut

220 2083 256 2145 II
281 2085 354 2146 358.
393 2082 449 2147 καὶ
478 2083 647 2172 Ἀθηναῖοι
681 2083 741 2164 μὲν
775 2084 805 2146 ολ
838 2081 908 2164 περὶ
941 2085 1001 2168 τῆς
1034 2088 1100 2146 τῶν
1128 2077 1288 2168 Ἑλλήνων

109 2190 289 2275 ἐλευθερίας
311 2186 509 2274 παραδόντες
532 2190 613 2255 ποτὲ
632 2189 690 2254 καὶ
712 2187 788 2271 πυρὶ
804 2181 861 2275 τήν
880 2189 982 2262 πάλιν,
1006 2190 1037 2252 οἱ
1050 2183 1106 2252 τδν
1121 2187 1286 2276 ὑπερήφα-

108 2321 167 2361 νον
196 2296 320 2385 Ξέρξην
355 2289 412 2362 διά
448 2300 506 2384 γῆς
540 2297 715 2361 πλεύσαντα
749 2297 803 2361 καλ
835 2289 888 2361 διά
916 2291 1083 2379 θαλάσσης
1112 2283 1288 2360 ὁδεύσαντα

108 2405 164 2470 καὶ
190 2395 237 2491 μὴ
261 2400 469 2486 χωρούμενον
490 2403 551 2486 μὲν
572 2401 747 2486 πελάγεσιν,
777 2404 968 2485 πλατυτέραν
991 2402 1028 2468 δὲ
1050 2407 1106 2488 τῆς
1128 2399 1288 2485 Εύρώπης

108 2505 167 2591 τὴν
189 2505 348 2592 στρατιάν
378 2497 505 2591 dyona,
535 2501 590 2574 oia
621 2508 784 2593 δραπέτην
812 2510 981 2587 διώξαντες
1010 2507 1083 2594 περὶ
1115 2508 1151 2574 δὲ
1175 2515 1291 2596 σμικρᾷ

109 2618 274 2701 Σαλαμῖνι
305 2609 362 2704 τὴν
390 2618 547 2700 τοσαύτην
569 2606 677 2682 Ἀσίαν
700 2613 871 2687 κλάσαντες
900 2623 957 2681 νῦν
981 2617 1187 2681 δουλεύουσιν
1209 2605 1287 2680 Ῥω-

109 2727 218 2808 μαίοις
242 2723 293 2810 (ci.
319 2724 446 2805 11359,
470 2723 597 2804 11360,
621 2726 695 2805 368,
719 2726 784 2789 369
801 2733 864 2788 etc.
889 2745 933 2787 ex
956 2720 1035 2788 aliis
1058 2717 1287 2807 scriptoribus

109 2829 286 2899 Velleium
312 2830 534 2895 Paterculum
558 2831 690 2894 11106:

218 2969 333 3037 omnis
350 2993 471 3037 eorum
486 2971 663 3054 iuventus,
687 2969 829 3038 infinita
847 2992 1004 3053 numero,
1027 2968 1199 3035 immensa
1216 2991 1287 3035 cor·

110 3076 263 3166 poribus,
299 3077 370 3144 situ
404 3079 562 3144 locorum
587 3076 771 3160 tutissima,
807 3075 946 3144 traditis
978 3075 1084 3143 armis
1107 3098 1180 3142 una
1204 3098 1285 3142 cum

109 3182 260 3250 ducibus
284 3183 367 3267 suis,
390 3195 491 3271 septa
515 3183 667 3270 fulgenti
692 3194 898 3271 armatoque
913 3182 1068 3249 militum
1083 3192 1285 3249 nostrorum

109 3289 277 3377 agmine.
302 3343 309 3356 .
334 3344 340 3356 .
366 3301 472 3357 ‚ante
496 3288 716 3377 imperatoris
741 3289 895 3357 tribunal
916 3288 1124 3378 procubuit)

219 3436 347 3500 Restat
369 3444 410 3500 ut
432 3431 650 3520 prooemium
674 3431 893 3520 perspiciam,
917 3434 1011 3520 qnod
1035 3443 1071 3500 et
1093 3455 1197 3500 usum
1219 3443 1286 3500 tra·

109 3538 270 3607 laticinm
293 3539 632 3626 Thucydideamque
655 3538 889 3608 imitationem
925 3541 1086 3608 redolens
1120 3539 1157 3606 in
1181 3538 1285 3607 initio

109 3645 225 3735 operis
259 3646 416 3734 positum
450 3646 598 3713 summis
632 3646 818 3715 exornavit
840 3648 1019 3735 Josephus
1053 3645 1212 3714 artificiis
1244 3657 1286 3714 ut

109 3755 312 3821 ostenderet
335 3764 552 3840 quantopere
576 3752 828 3840 componendis
844 3754 942 3821 libris
958 3776 1101 3841 operam
1117 3755 1225 3838 daret,
1248 3763 1285 3819 et

109 3860 204 3947 quod
230 3882 310 3926 cum
333 3871 453 3926 mente
476 3870 512 3925 et
535 3859 681 3926 consilio
709 3859 746 3926 in
771 3882 877 3946 quam
900 3861 1070 3947 plurimas
1093 3858 1284 3947 particulas

109 3964 233 4033 divisit
267 3987 337 4053 quo
371 3965 487 4052 magis
523 3965 662 4033 uberior
685 3965 796 4033 oratio
820 3968 986 4035 evaderet
1009 3979 1045 4034 et
1067 3966 1137 4034 alia
1160 3989 1215 4033 res
1239 3988 1283 4032 ex

109 4071 180 4140 alia
203 4094 304 4157 nexa,
338 4095 461 4139 omnes
488 4072 582 4140 inter
604 4094 643 4139 se
665 4085 769 4160 aptae
792 4084 829 4140 et
852 4073 1041 4162 colligatae
1064 4072 1283 4157 viderentur3

108 4180 208 4266 qnod·
228 4202 312 4247 vero
336 4179 442 4246 latins
465 4179 602 4266 patebit
624 4202 644 4247 e
666 4180 845 4267 prooemio
869 4180 953 4268 ipso.

1174 4323 1192 4381 5
