3120 4958
675 381 892 446 ..21-

306 614 341 638 Ν
365 589 558 658 Aeschines
581 594 636 657 III
655 595 727 658 244.
762 589 819 659 ἐάν
849 617 896 664 τις
919 592 1031 659 ἑαυτὸν
1054 594 1262 681 διαχρήσηται
1271 593 1294 681 ¹)
1316 595 1372 680 τὴν

201 707 291 788 χεῖρα
312 701 368 784 τὴν
391 707 486 766 τοῦτο
508 701 676 787 πράξασαν
698 701 796 787 χωρὶς
817 702 977 784 σωμάτων
999 703 1184 785 θάπτομεν.

307 806 357 872 At
403 803 608 894 priusquam
649 807 855 893 popularem
897 804 1143 894 philosophiae
1185 829 1371 895 argumen-

199 912 371 981 tationem
400 910 517 997 subiit,
546 911 663 1000 magis
693 911 866 979 rhetorica
888 911 1025 980 ratione
1048 935 1172 980 causas
1195 935 1286 1001 quae
1308 936 1373 1002 pro

201 1031 316 1087 morte
344 1018 545 1087 voluntaria
575 1018 720 1107 proferri
752 1031 910 1107 possunt,
940 1020 1204 1105 enthymemate
1231 1022 1370 1106 refutat,

200 1128 301 1195 cuius
328 1129 478 1195 formam
504 1139 541 1195 et
567 1138 779 1195 structuram
806 1130 917 1212 εἰμὲν
945 1130 1184 1213 ἀποστρέφομαι
1206 1181 1213 1196 .
1238 1178 1254 1206 .,
1282 1133 1369 1206 ἄξιός

199 1232 275 1320 εἰμι,
297 1232 327 1302 ei
343 1237 373 1301 δ’
391 1232 564 1320 εἰσέρχεται
586 1287 593 1302 .
617 1286 634 1318 .,
658 1236 805 1320 πόσῳ..
829 1237 970 1302 εἰσέλθοι
976 1261 987 1314 ,·
1009 1235 1063 1300 καὶ
1086 1236 1146 1321 γὰρ
1168 1232 1369 1320 ἠλίθιον...

196 1340 234 1408 in
268 1340 337 1410 alia
370 1363 510 1429 quoque
538 1340 696 1408 oratione
719 1341 762 1430 (p.
780 1342 814 1425 8)
837 1339 1048 1418 invenimus,
1080 1339 1208 1408 deinde
1231 1351 1370 1409 senten·

198 1446 258 1517 tiis
281 1448 487 1536 quaestione
510 1459 546 1516 et
569 1447 804 1534 altercatione,
827 1470 897 1536 qua
920 1446 1076 1516 affinitas
1099 1449 1272 1536 quaedam
1296 1449 1368 1517 dia·

199 1544 311 1623 tribae
339 1557 540 1640 advocatur,
566 1555 780 1643 interruptis,
810 1577 959 1643 quarum
987 1567 1023 1623 et
1050 1565 1191 1623 acutam
1218 1558 1367 1624 formam

196 1673 234 1728 et
254 1673 506 1750 argumentum
521 1662 691 1750 exemplis
708 1685 727 1730 e
743 1662 849 1730 variis
866 1662 1055 1750 generibus
1070 1661 1368 1752 scriptoribusque

195 1769 356 1857 repetitis
390 1771 644 1859 explanaturus
671 1792 760 1855 sum,
794 1792 866 1838 non
894 1771 988 1858 quod
1016 1769 1223 1855 existimem,
1252 1793 1294 1838 ea
1321 1772 1366 1838 ad

195 1878 435 1944 evolvendum
450 1879 585 1945 fontem
601 1878 797 1963 symbolam
814 1879 978 1963 conferre,
993 1879 1055 1944 sed
1072 1878 1165 1965 quod
1180 1878 1367 1967 verborum

194 1986 360 2072 frequens
388 2007 581 2052 consensus
609 1985 732 2052 eadem
759 1984 916 2072 cogitata
942 1985 1128 2072 paululum
1155 1983 1291 2053 variata
1317 2007 1367 2053 re·

196 2112 335 2158 currere
357 2092 469 2160 docet.

304 2201 449 2266 111365.
475 2199 575 2273 δειλὸς
598 2202 720 2285 ὁμοίως
743 2203 810 2268 ὅτε
832 2201 877 2285 μὴ
900 2201 1092 2285 βουλόμενος
1113 2201 1266 2285 θνήσκειν
1288 2202 1367 2267 ὅταν

196 2308 253 2392 δέῃ
276 2308 331 2372 καὶ
353 2309 372 2371 ὁ
394 2308 591 2392 βουλόμενος
614 2310 690 2374 ὅταν
711 2310 757 2393 μὴ
782 2309 837 2392 ἀέῃ
861 2329 896 2353 Ν

301 2411 511 2480 Ammianus
536 2413 760 2481 Marcellinus
775 2416 880 2483 XXV
896 2418 925 2498 3,
945 2418 984 2481 19
1008 2435 1119 2501 aequo
1136 2411 1230 2480 enim
1246 2412 1365 2483 animo

192 2518 294 2586 iuxta
310 2518 456 2602 timidus
473 2532 526 2588 est
542 2531 577 2588 et
592 2509 746 2608 ignavus
762 2520 822 2608 qui
839 2543 920 2587 cum
935 2542 1006 2587 non
1023 2530 1162 2608 oportet
1176 2520 1265 2587 mori
1278 2519 1366 2588 desi-

192 2626 294 2694 derat
309 2638 345 2694 et
360 2625 420 2714 qui
436 2626 590 2714 refugiat
606 2650 685 2694 cum
702 2627 749 2694 sit
764 2638 978 2716 oportunum
994 2628 1216 2720 (Weymann,
1232 2626 1364 2696 Archiv

192 2734 250 2799 fiir
278 2735 334 2800 lat
360 2733 547 2821 Lexikogr.
571 2738 659 2803 XIV
682 2759 715 2824 p.
740 2739 793 2817 56)

301 2841 345 2907 de
372 2852 548 2909 structura
571 2841 767 2909 sententiae
791 2843 831 2909 cl
856 2842 991 2912 Seneca
1020 2840 1197 2909 Phoeniss.
1227 2846 1279 2909 99.
1303 2840 1363 2929 qui

192 2945 292 3034 cogit
323 2947 412 3015 mori
447 2949 626 3015 nolentem
661 2947 696 3014 in
732 2971 844 3036 aequo
879 2960 934 3016 est
960 2947 1090 3036 quique
1116 2959 1363 3039 properantem

191 3053 341 3145 impedit

300 3161 383 3233 Exc
408 3164 496 3229 VIII
522 3167 550 3229 7.
579 3184 651 3229 non
679 3161 796 3250 magis
820 3163 977 3230 crudeles
1005 3172 1090 3230 sunt
1117 3161 1177 3250 qui
1201 3164 1361 3231 volentes

192 3267 313 3335 vivere
340 3268 507 3336 occidunt
534 3291 640 3357 quam
668 3269 728 3357 qui
751 3271 911 3338 volentes
934 3269 1053 3338 vivere
1076 3292 1147 3337 non
1173 3268 1303 3337 sinunt

301 3375 345 3442 de
368 3374 565 3443 sententiae
588 3387 624 3444 et
647 3377 871 3464 sequentium
894 3377 1080 3444 verbomm

299 3485 443 3550 111368.
481 3493 623 3574 γενναῖον
657 3486 718 3570 γὰρ
742 3487 858 3552 ἀνελεῖν
881 3488 999 3562 ἑαυτόν,
1032 3488 1128 3572 φήσει
1150 3512 1207 3559 τις.
1243 3488 1282 3552 οὐ
1304 3488 1362 3570 μὲν

190 3589 257 3665 οὖν,
281 3580 347 3655 ἀλλ’
370 3593 590 3675 ἀγεννέστατον
612 3590 648 3659 vi
672 3603 708 3659 et
731 3602 942 3680 argumento
965 3593 1005 3660 cf.

299 3697 416 3782 Polyb.
439 3700 553 3766 xxx.
576 3704 635 3783 τε.
665 3702 704 3766 οε
727 3701 785 3788 γὰρ
808 3701 932 3766 aaran
955 3703 1037 3768 om
1065 3703 1209 3785 στοας
1230 3684 1388 3791 alpolt

188 3804 229 3870 τὸ
251 3804 354 3890 μηδὲν
376 3808 484 3891 ἑαυτῷ
506 3809 672 3873 συνειδότα
693 3809 941 3892 μοχθηρότερον
961 3811 1148 3896 προεξάγειν
1170 3806 1207 3878 ἐκ
1229 3815 1288 3875 τοῦ
1304 3812 1361 3894 ζῆν

189 3914 298 3993 αὐτόν,
323 3915 403 3980 ποτὲ
417 3915 477 3998 μὲν
491 3915 546 3987 τὰς
560 3921 628 3981 τῶν
644 3915 975 4000 ἀντιπολιτευομένων
998 3917 1178 3984 ἀνστάσετυν
1200 3917 1360 3982 καταπλα-

301 4147 323 4227 ¹)
348 4150 384 4212 ci
407 4152 558 4227 Josephus
581 4152 609 4209 11
633 4150 697 4213 395
729 4149 759 4212 τί
789 4149 907 4215 κωλύει
927 4156 994 4229 ταῖς
1016 4151 1140 4216 ἑαυτῶν
1161 4105 1268 4234 μεροὶν
1292 4150 1359 4215 δια-

187 4236 389 4322 χρήοασάαι;
