3120 4958
779 337 999 400 ..38-

406 547 487 630 Quo
509 543 626 632 magis
654 555 774 613 autem
802 544 921 612 omnia
949 544 986 612 in
1016 557 1182 632 promptu
1211 544 1284 612 sint
1312 555 1348 612 et
1377 567 1483 612 accu-

298 650 409 719 ratius
437 653 681 739 explanentur,
713 650 825 719 utitur
851 653 1031 738 Josephus
1064 651 1182 739 figura
1210 673 1301 739 quae
1328 662 1482 720 vocatur

299 759 436 827 Graeca
466 782 487 826 a
510 758 634 828 Servio
665 757 703 825 in
727 758 824 845 Virg.
850 781 973 826 comm.
999 764 1027 844 8,
1050 759 1158 846 676¹),
1191 781 1298 846 quam
1327 759 1371 826 ad
1396 761 1481 847 ἐνέρ-

299 892 384 953 γειαν
406 865 443 932 id
459 876 514 933 est
536 887 649 954 paene
672 866 737 933 sub
757 867 877 933 oculos
900 888 1017 933 rerum
1041 864 1297 933 subiectionem
1320 863 1479 933 maxime

299 971 463 1040 idoneam
492 994 568 1040 esse
591 983 627 1040 et
650 972 810 1041 doctrina
833 984 870 1041 et
892 972 1063 1061 exemplis
1091 974 1286 1040 ostendunt
1307 972 1480 1040 rhetores.

300 1081 399 1164 Quas
422 1079 518 1147 enim
540 1078 667 1147 Theon
691 1080 792 1169 (rhet
818 1082 877 1149 Gr.
902 1084 938 1147 11
962 1105 994 1170 p.
1012 1084 1053 1148 63
1078 1079 1152 1167 Sp.)
1176 1102 1219 1147 ex
1240 1077 1417 1145 Aeschine
1441 1089 1483 1146 et

300 1187 541 1254 Demosthene
568 1185 698 1274 petitas
730 1184 969 1277 παρσφράσεις
996 1196 1056 1272 τῆς
1083 1188 1209 1259 πόλεως
1237 1189 1392 1258 ἁλώσεως
1419 1207 1483 1252 ex·

300 1292 436 1361 scribit:
824 1290 829 1304 ’

406 1404 441 1477 ἐξ
470 1390 613 1486 ἀνάγκης
635 1402 674 1487 ἦν
696 1404 773 1490 ὁρᾶν
799 1407 905 1470 ταῦτα
935 1399 1050 1470 πάντα
1075 1399 1179 1474 οἰκίας
1201 1403 1483 1485 κατεσκαμμένας,

299 1506 385 1593 τείχη
419 1508 642 1597 περιῃρημένα,
675 1513 787 1594 χώραν
821 1513 939 1597 ᾢημον
967 1516 1036 1575 τῶν
1068 1512 1101 1575 έν
1133 1510 1245 1592 ἡλικίᾳ,
1278 1504 1399 1592 γύναια
1422 1509 1486 1575 καί

299 1612 460 1702 παιδάρια
482 1613 578 1700 ὀλίγα
601 1615 658 1683 καὶ
680 1614 864 1702 πρεσβύτας
886 1668 893 1683 .
917 1667 924 1682 .
948 1668 955 1682 .
979 1619 1054 1692 κτλ,
1088 1637 1147 1682 eas
1171 1614 1249 1681 dico
1272 1612 1484 1681 invenimus

300 1732 337 1789 et
363 1720 400 1787 in
429 1720 630 1788 orationum
657 1721 808 1810 epilogis
842 1724 926 1811 (VII
957 1727 1080 1792 377188
1109 1747 1140 1810 p.
1166 1723 1223 1809 26)
1258 1731 1294 1788 et
1327 1718 1482 1788 mutatis

299 1829 446 1916 paulum
469 1827 684 1916 variatisque
699 1828 824 1914 verbis,
848 1840 1059 1916 argumento
1076 1827 1234 1916 repetito,
1257 1829 1369 1894 forma
1385 1825 1484 1914 figu-

300 1957 360 2001 rae
383 1946 531 2019 servata,
555 1934 591 2001 in
616 1933 910 2023 descriptionibus
933 1947 1153 2004 vastatarum
1176 1933 1325 2001 urbium.

408 2044 443 2108 II
461 2046 533 2110 465.
565 2044 604 2128 ῆν
628 2045 663 2109 δὲ
685 2045 764 2110 ἰδεῖν
779 2037 840 2123 τὰς
854 2042 963 2118 πόλεις
979 2043 1118 2134 ἀτάφων
1135 2040 1299 2130 στομάτων
1310 2044 1389 2110 ων
1402 2045 1486 2127 352,

301 2152 460 2233 111529,
498 2150 612 2217 multo
649 2148 782 2217 maiore
814 2149 851 2218 vi
890 2148 926 2217 in
962 2149 1161 2237 imaginum
1200 2161 1236 2218 et
1274 2151 1481 2217 tabularum

301 2255 544 2345 descriptione,
569 2255 697 2344 quibus
713 2255 914 2345 triumphus
938 2268 974 2325 et
999 2259 1141 2325 fortuna
1157 2256 1332 2325 victorum
1346 2256 1488 2342 Judae-

302 2385 402 2432 orum
426 2362 632 2452 depingitur
655 2375 691 2431 et
713 2363 928 2452 exprimitur.

408 2472 568 2539 V11134.
604 2469 746 2557 ἀργύρου
766 2465 828 2558 γὰρ
851 2473 906 2538 καί
928 2481 1051 2560 χρυσοῦ
1073 2473 1128 2538 καί
1151 2474 1323 2557 ἐλέφαντος
1344 2474 1377 2537 ἐν
1394 2496 1483 2538 παν·

300 2582 398 2652 τοίαις
425 2574 529 2658 ἰδέαις
551 2577 873 2664 κατασκευασμάτων
895 2580 934 2665 ἦν
957 2582 1038 2666 ὁρᾶν
1061 2611 1095 2633 Ν
1116 2581 1186 2648 VII
1214 2583 1284 2663 138,
1308 2581 1377 2647 VII
1406 2583 1485 2645 142.

408 2682 596 2772 Triumphi
625 2696 745 2752 autem
772 2685 1044 2773 descriptionem
1072 2695 1109 2752 et
1136 2708 1177 2753 ea
1200 2686 1316 2768 verba,
1347 2683 1484 2771 quibus

302 2790 449 2879 exponit
472 2792 647 2880 quomodo
671 2791 765 2861 cives
789 2802 826 2860 et
844 2793 929 2859 urbs
952 2791 1199 2880 imperatorem
1215 2789 1482 2878 Vespasianum

302 2908 509 2987 exspectent
532 2909 568 2966 et
590 2897 769 2986 recipiant,
798 2921 842 2965 ex
865 2897 1018 2965 officinis
1041 2900 1222 2966 rhetorum
1245 2896 1418 2986 prodiisse
1441 2907 1485 2965 et

301 3003 339 3072 in
364 3027 479 3092 genus
502 2999 724 3074 ἐπιδεικτικὸν
746 3016 783 3072 et
805 3000 1062 3091 ἐγκωμιαστικὸν
1084 3007 1217 3090 cadere,
1240 3029 1260 3072 e
1281 3003 1418 3073 tumida
1442 3014 1483 3072 et

302 3111 446 3199 turgida
479 3111 665 3180 inflatione
701 3123 820 3200 potest
857 3112 1033 3200 cognosci,
1072 3111 1172 3179 cuius
1211 3112 1389 3200 ampullae
1426 3110 1483 3178 in-

303 3218 553 3307 scriptionibus
579 3217 632 3303 iis,
667 3217 795 3306 quibus
823 3219 1002 3287 subiectae
1031 3231 1157 3306 gentes
1194 3219 1355 3287 dominos
1391 3219 1482 3286 cele-

302 3327 462 3410 brabant,
485 3337 548 3393 aut
569 3335 613 3416 τῷ
631 3328 708 3394 εἴδει
729 3333 798 3393 τῶν
821 3325 1041 3414 ἐπιβατηρίων
1063 3337 1149 3392 sunt
1176 3325 1312 3409 affines,
1336 3327 1379 3393 de
1403 3324 1486 3414 qui-

302 3433 370 3501 bus
388 3434 581 3500 Menander
605 3436 658 3498 ΙΙΙ
674 3454 708 3519 p.
726 3437 791 3499 380
815 3443 852 3500 et
874 3438 939 3500 427
955 3434 1015 3519 Sp.
1034 3434 1141 3500 verba
1164 3432 1256 3500 facit
1293 3437 1346 3501 Ut
1362 3455 1485 3519 genus

303 3550 425 3607 autem
440 3537 685 3627 descriptionis
701 3538 871 3628 triumphi
888 3538 1077 3627 intelligas
1097 3542 1288 3607 nonnullas
1304 3538 1485 3608 dictiones

303 3647 427 3713 affero:

411 3755 550 3821 V1164.
584 3754 712 3841 μακρὰν
735 3754 857 3822 ἀπόντα
880 3757 927 3828 ὡς
950 3759 1074 3840 ἥκοντα
1096 3761 1271 3840 περιεῖπον,
1294 3757 1354 3840 τὴν
1375 3781 1484 3840 προσ.

303 3858 420 3930 δοκίαν
443 3860 480 3928 ἐκ
502 3866 558 3926 τοῦ
581 3863 673 3928 πάνυ
696 3864 802 3929 θέλειν
824 3864 932 3947 ἄφιξιν
955 3865 1053 3929 αὐτοῦ
1076 3866 1272 3947 νομίζοντες.

410 3968 481 4035 VII
499 3970 551 4035 69.
588 3969 626 4034 οὔ
660 3970 726 4054 μὴν
759 3970 836 4037 oen
869 3975 934 4034 τῶν
968 3971 1074 4035 ἄλλων
1106 3995 1154 4042 τις
1180 3972 1324 4054 ἠνείχετο
1347 3977 1405 4054 τῆς
1428 3972 1486 4036 έν.

302 4109 517 4124 ——u——n

415 4180 440 4270 ¹)
464 4187 501 4246 cf.
517 4187 658 4255 woltun,
681 4187 790 4247 Archiv
813 4186 859 4245 fur
881 4189 932 4246 lat.
947 4187 1103 4264 Lexikogr.
1126 4187 1272 4253 1113516
1296 4197 1343 4248 est
1365 4190 1488 4251 videre.
