3120 4958
672 353 892 415 ,27-

302 564 334 649 1)
367 566 385 630 1
402 568 475 630 378.
504 567 560 630 ἴτω
575 590 619 636 τις
634 566 694 648 οὐχ
708 564 789 647 ὑπὲρ
805 564 955 648 γυναικὸς
970 551 1041 630 οὐδ’
1056 563 1145 648 ὑπὲρ
1160 564 1279 629 τίνινων
1295 553 1366 629 οὐδ’

188 673 272 757 ὑπὲρ
304 673 549 761 κινδυνευούσης
584 671 740 755 πατρίδος
763 659 829 735 ἀλλ’
854 672 941 754 ὑπὲρ
967 677 1032 736 τῶν
1053 672 1221 755 πρέσβεων
1244 671 1365 754 ἀμυνό-

189 803 289 864 μενος
311 801 346 824 N
370 781 421 846 IV
441 782 511 861 191,
535 779 568 846 V
584 781 658 860 418,
682 778 717 841 II
736 780 808 842 400.
855 777 910 861 (cf.
935 776 980 843 de
1001 777 1114 842 forma
1137 785 1173 842 et
1188 785 1364 842 structura

190 883 319 958 Livius
336 889 387 968 21,
411 890 462 969 41,
490 888 529 950 16
553 882 612 950 alii
637 881 791 970 saepius:
816 881 1059 970 unusquisque
1082 905 1120 948 se
1143 904 1214 949 non
1239 905 1366 971 corpus

188 992 252 1060 sed
278 990 467 1078 coniugem
490 1013 531 1058 ac
553 990 681 1057 liberos
704 1013 832 1079 parvos
855 988 961 1057 armis
984 1001 1169 1077 protegere
1191 988 1313 1079 putet)

300 1100 332 1187 2)
372 1101 388 1164 Ι
406 1103 479 1165 379.
516 1099 781 1186 προκινδυνεύσω
803 1099 895 1187 κάγὼ
910 1101 1074 1184 χρώμενος
1089 1099 1163 1182 ὑμῖν
1178 1100 1366 1183 πειθηνίοις

189 1229 227 1277 N
250 1209 307 1273 III
331 1210 405 1273 483.

299 1315 352 1382 IV
379 1317 448 1380 191.
472 1316 698 1401 προστήσομαι
723 1314 752 1377 δ’
771 1313 835 1396 ἐγὼ
858 1315 971 1401 γνώμῃ
995 1337 1027 1377 τε
1048 1312 1103 1377 καί
1125 1313 1210 1398 χειρί.

299 1423 352 1489 IV
367 1425 417 1487 48.
451 1423 651 1505 πειράσομαι
674 1409 703 1485 δ’
720 1420 785 1504 ἐγὼ
808 1422 955 1506 καθάπερ
976 1427 1033 1485 νῦν
1056 1417 1116 1486 ἐπὶ
1139 1415 1247 1504 πάσης
1261 1421 1367 1505 μάχης

189 1531 356 1617 προάγειν
378 1553 414 1596 τε
437 1531 531 1613 ὑμῶν
553 1525 600 1600 εἷς
621 1527 698 1600 τοὺς
720 1529 896 1612 πολεμίους
918 1528 972 1593 καί
990 1527 1159 1606 τελειταῖος
1178 1529 1365 1614 ἀποχωρεῖν.

189 1636 248 1721 (ci
261 1635 317 1724 ‚de
340 1645 552 1721 argumento
575 1632 663 1701 illud
688 1631 878 1705 Livianum
902 1637 953 1717 21,
978 1638 1005 1699 4.

300 1740 481 1808 Hannibal
498 1739 661 1829 princeps
677 1739 713 1807 in
726 1739 898 1828 proelium
910 1739 992 1824 ibat,
1005 1738 1153 1806 ultimus
1166 1740 1366 1824 excedebat,

301 1848 480 1915 deforma
503 1847 663 1933 Thucyd.
687 1850 720 1916 V
737 1853 766 1932 9,
794 1851 841 1914 10.
866 1851 930 1932 ἐγώ
952 1873 985 1913 τε
1004 1847 1097 1928 δείξω
1121 1851 1160 1915 οὔ
1181 1850 1367 1932 παραινέσαι

189 1957 259 2028 οἶός
281 1981 315 2023 τε
338 1959 387 2022 ὥν
408 1957 528 2040 μᾶλλον
550 1960 619 2035 τοῖς
641 1956 741 2035 πέλας
763 1960 783 2039 ἢ
806 1954 863 2021 καὶ
887 1956 981 2027 αι’πδς
1004 1957 1089 2039 ἔργῳ
1112 1954 1313 2041 ἐπεξελθεῖν.)

301 2061 436 2147 Quodsi
460 2083 583 2129 omnes
607 2060 783 2128 orationes
805 2061 958 2128 multum
982 2061 1162 2145 haberent,
1186 2084 1255 2148 quo
1274 2060 1367 2128 inter

190 2193 232 2237 se
255 2167 503 2251 consentirent,
526 2166 689 2256 repetitio
713 2166 909 2235 dictionum
933 2178 969 2235 et
984 2169 1171 2235 verborum
1186 2167 1365 2235 interdum

192 2299 269 2344 non
303 2286 377 2344 tam
411 2276 456 2342 ad
492 2274 648 2364 inopiam
683 2275 934 2343 vocabulorum
973 2273 1279 2362 cogitatorumque
1313 2286 1367 2342 est

190 2383 391 2451 revocanda
414 2404 520 2470 quam
544 2383 589 2448 ad
612 2380 770 2448 studium

671 2616 889 2700 disponendi

192 2770 231 2826 et
271 2757 511 2846 coniungendi
545 2757 706 2846 singulas
740 2769 867 2845 partes.
924 2760 1025 2842 Quae
1059 2761 1171 2826 torma
1206 2782 1286 2825 cum
1321 2761 1366 2827 ad

191 2864 356 2953 singulos
390 2866 485 2932 locos
514 2863 833 2953 argumentationis
861 2863 1061 2954 pertinebat
1090 2889 1111 2932 a
1137 2864 1260 2932 multis
1288 2865 1366 2933 aliis

191 2970 422 3060 scriptoribus
432 2971 454 3060 ¹)
485 2973 670 3040 observata
699 2983 775 3039 tum
802 2971 838 3039 in
863 2971 1013 3060 epilogis
1037 2971 1278 3058 adhibebatur,
1306 2972 1365 3061 qui

191 3080 303 3148 verba
325 3078 494 3169 prooemii
518 3079 702 3168 excipiunt
725 3089 761 3146 et
783 3090 949 3167 repetunt

302 3189 357 3253 ΙΙΙ
374 3191 447 3254 363.
483 3189 580 3254 καλὸν
613 3188 673 3272 γὰρ
708 3190 741 3253 ἐν
774 3190 903 3276 πολέμῳ
937 3190 1091 3273 θνήσκειν
1119 3189 1197 3254 ἀλλὰ
1224 3191 1366 3272 πολέμου

191 3297 288 3380 νόμῳ
320 3294 477 3363 τουτέστιν
513 3295 576 3361 ὑπὸ
603 3301 671 3361 τῶν
697 3297 900 3379 κρατούντων
928 3305 963 3361 et
987 3299 1050 3362 365
1074 3298 1173 3362 καλὸν
1196 3297 1256 3380 γὰρ
1279 3297 1366 3380 ὑπὲρ

191 3410 254 3487 τῆς
270 3401 459 3488 ἐλευθερίας
475 3405 700 3487 ἀποθνήσκειν
716 3425 750 3447 N
774 3407 904 3472 379181.
938 3405 1007 3486 (ΙΙΙ
1025 3407 1099 3472 364.
1124 3401 1249 3489 ήλίδιον
1263 3411 1367 3470 ταῦτα

194 3511 278 3598 δρᾶν
300 3531 334 3555 N
351 3513 423 3576 381.
456 3510 684 3597 ήλιθιώτερον.)

303 3618 354 3684 IV
373 3620 442 3682 163.
478 3617 497 3701 ή
521 3618 621 3682 καλὸν
644 3617 684 3701 ήν
707 3619 776 3702 ἐμοι
798 3620 949 3684 τεθνάναι
972 3639 1006 3662 N
1030 3619 1081 3686 IV
1101 3622 1170 3685 190.

303 3725 338 3787 II
362 3727 435 3790 346.
460 3726 528 3809 ’τῆς
551 3726 642 3790 ἐνίων
664 3726 878 3810 καιοβονλίας
900 3747 934 3770 N
958 3727 994 3790 ΙΙ
1011 3728 1083 3791 399.

303 3832 352 3897 VI
370 3834 420 3897 36.
456 3831 555 3897 καλὸν
578 3833 612 3896 ἐν
633 3831 768 3915 πολέμῳ
790 3833 913 3916 τελευτή
937 3854 971 3876 N
995 3833 1045 3899 VI
1063 3836 1114 3898 46.

191 3959 408 3968 ---

307 4031 328 4107 ¹)
353 4030 390 4090 cf.
423 4043 455 4090 ut
487 4031 665 4107 scriptorem
698 4050 838 4092 sermone
865 4033 1071 4109 moribusque,
1099 4041 1200 4092 aetate
1229 4034 1365 4091 humani-

192 4129 321 4196 tateque
346 4121 500 4180 dissonum
524 4122 688 4189 nominem,
711 4123 927 4198 Antiphontem
952 4123 1086 4198 (Reuter,
1108 4123 1366 4200 Beob'achtungeu

191 4227 248 4269 zur
269 4209 408 4284 Technilr
431 4213 486 4269 des
509 4213 544 4274 Α.
569 4210 700 4268 Hermes
723 4210 775 4278 39,
798 4212 863 4274 348
887 4207 1066 4296 Stichwort).
