3120 4958
657 347 881 408 ..63-

399 558 453 622 καί
476 545 552 624 odie
576 558 676 629 αίάὼς
698 556 737 640 ἦν

475 667 551 731 οὔτε
574 665 719 748 πρόνοια

293 785 482 875 descriptio
505 786 694 874 regionum

320 897 375 960 ΙΙΙ
400 898 450 961 35.
476 897 535 962 δύο
559 889 589 961 d'
605 885 706 975 οὔσας
729 896 785 967 τὰς
810 895 988 967 Γαλιλαίας,

475 1006 535 1086 τήν
557 1027 592 1069 τε
615 1005 682 1069 άνω
706 1005 760 1067 καὶ
781 1003 842 1086 τὴν
863 1003 978 1066 κάτω.
1003 1046 1011 1061 .
1033 1050 1041 1064 .

475 1107 632 1194 περιίσχει
654 1111 756 1193 μὲνὴ
785 1109 924 1191 Φοινίκη,

476 1216 612 1300 διορίζει
637 1207 667 1283 d'
683 1218 747 1281 ἀπὸ
770 1215 831 1299 μὲν
854 1217 977 1286 δύσεως
998 1215 1087 1298 ἡλίου
1111 1210 1296 1296 Πτολεμαῒς,

475 1325 515 1389 τὸ
537 1326 633 1389 πάλαι
655 1326 713 1407 μὲν
739 1325 922 1395 Γαλιλαίων,

476 1437 533 1496 νῦν
557 1433 591 1496 ὀί
617 1432 740 1515 Τυρίων
764 1419 849 1514 ὅρος,

479 1536 509 1620 ᾤ
531 1540 694 1621 προσίσχει
715 1537 832 1621 Γαβαά
855 1587 861 1602 .
887 1588 893 1601 .
918 1587 924 1601 .
948 1587 955 1600 .

477 1646 541 1709 ἀπὸ
564 1645 599 1710 δὲ
621 1646 822 1729 μεσημβρίας
844 1644 908 1708 κτλ.

294 1766 484 1856 descriptio
506 1790 653 1835 morum.

295 1896 332 1959 11
357 1897 430 1960 585.
476 1893 708 1981 παρανίσταταί
727 1921 771 1967 τις
794 1896 958 1979 ἐπίβουλος
980 1896 1059 1983 ἀνὴρ
1082 1895 1146 1959 ἀπὸ
1161 1893 1337 1978 Γισχάλων,

476 2003 736 2088 πανουργότατος
755 2003 815 2085 μὲν
838 2004 871 2066 ἐν
893 2003 1138 2085 πονηρεύμασιν,

478 2111 576 2192 πένης
599 2108 636 2175 ὀί
658 2117 771 2192 πρῶτα
794 2161 800 2174 .
825 2160 831 2174 .
856 2160 863 2173 .
887 2110 942 2173 καί
965 2110 1055 2192 σχὼν
1078 2109 1213 2191 κώλυμα

478 2214 609 2298 ἕτοιμος
630 2217 690 2299 μὲν
712 2218 903 2298 ψεύσασθαι

479 2322 579 2394 δεινὸς
603 2313 632 2387 d'
648 2325 808 2389 ἐπιθεῖναι
831 2320 937 2388 πίστιν
958 2329 1027 2401 τοῖς
1049 2320 1263 2405 ἐψευσμένοις,

479 2430 591 2513 ἀρετὴν
614 2432 792 2516 ἡγούμενος
814 2430 874 2512 τὴν
896 2430 1022 2513 ἀπάτην

530 2537 584 2601 καί
606 2539 701 2621 ταύτῃ
724 2541 902 2621 χρώμενος,

478 2645 655 2727 ὑποκριτὴς
677 2642 929 2727 φιλανθρωπίας

531 2752 584 2815 καί
608 2739 648 2813 δι’
663 2748 786 2816 ἐλπίδα
801 2753 1018 2833 φονικώτατος
1039 2752 1105 2815 κτλ

296 2872 486 2962 descriptio
509 2885 702 2941 sectarum:

298 3001 333 3063 II
362 3002 431 3065 120.
479 2998 568 3066 οὗτοι
590 3002 650 3079 τὰς
672 3002 731 3084 μὲν
753 3001 874 3085 ἡδονὰς
897 3001 1168 3089 ἀποστρέφονται,

479 3108 535 3190 τὴν
558 3097 587 3173 d'
604 3110 785 3190 ἐγκράτειαν
809 3108 921 3192 ἀρετὴν
943 3108 1235 3190 ὑπολαμβάνουσιν,

403 3214 458 3279 καί
481 3216 587 3301 γάμου
610 3216 669 3297 μὲν
690 3217 859 3300 ὑπεροψία,

479 3322 553 3399 τοὺς
575 3323 611 3385 δὲ
633 3372 640 3385 .
665 3373 671 3385 .
695 3324 812 3393 παῖδας
835 3325 1000 3405 ἡγοῦνται,

404 3428 543 3500 καὶτοῖς
566 3431 676 3512 ἤθεσιν
699 3430 917 3495 ἕντυττοῦσιν·

480 3536 537 3600 τὸν
559 3535 621 3619 μὲν
644 3589 650 3601 .
675 3589 681 3602 .
707 3589 713 3603 .
738 3540 946 3625 ἀναιροῦντες,

479 3645 536 3722 τὰς
560 3645 594 3709 δὲ
617 3697 624 3710 .
648 3696 655 3709 .
680 3647 941 3729 ,φυλαττόμενοι

404 3752 459 3817 ναί
480 3752 639 3835 μηδεμίαν
661 3755 863 3836 πεπεισμένοι
885 3756 991 3839 τηρεῖν
1012 3754 1125 3820 πίστιν.

299 3876 417 3958 Quam
441 3884 655 3942 structuram
677 3878 914 3943 membrorum
938 3876 1240 3963 investigantibus
1263 3877 1366 3945 nobis

190 3979 423 4068 conspicuum
458 3993 513 4048 est
535 3983 734 4069 Josephum
761 3984 797 4048 id
820 3983 1056 4070 potissimum
1070 3985 1187 4072 egisse
1213 3996 1255 4052 ut
1277 3985 1367 4053 anti·

192 4087 327 4156 thetico
350 4090 456 4155 modo
480 4087 555 4155 sive
579 4112 662 4156 vero
686 4089 761 4157 sive
784 4089 951 4158 simulato
973 4114 1028 4159 res
1052 4092 1227 4160 divideret
1249 4103 1285 4160 et
1307 4116 1367 4182 op

189 4206 346 4284 poneret
394 4197 498 4280 Quod
534 4195 692 4264 studium
728 4219 783 4264 res
807 4220 914 4284 quam
937 4197 1111 4267 uberrime
1134 4198 1366 4268 exhauriendi
