3120 4958
296 1102 384 1170 Cum
415 1113 526 1170 artem
557 1100 766 1169 rhetoricam
798 1112 833 1169 et
864 1100 1048 1170 historiam
1075 1103 1170 1191 apud
1198 1101 1351 1170 Graecos

193 1213 441 1294 Romanosque
470 1207 692 1275 coniunctam
721 1219 756 1275 et
784 1231 954 1277 conexam
976 1207 1085 1275 luisse
1108 1219 1253 1294 constet,
1275 1208 1352 1276 lieri

189 1337 260 1381 non
292 1313 416 1401 potuit,
449 1314 533 1401 quin
565 1313 596 1381 ei
627 1314 821 1404 scriptores,
854 1315 913 1402 qui
942 1338 985 1382 ex
1013 1314 1128 1382 aliena
1155 1326 1262 1400 gente
1285 1315 1351 1382 orti

189 1421 335 1508 aliisque
372 1420 567 1488 rationibus
604 1420 743 1488 dicendi
776 1433 812 1488 et
844 1421 1024 1508 cogitandi
1061 1419 1187 1488 imbuti
1219 1422 1355 1489 Graeca

187 1527 313 1614 lingua
347 1529 545 1612 utebantur,
580 1551 618 1594 se
651 1527 772 1594 formis
807 1539 842 1595 et
877 1527 1008 1595 normis
1032 1529 1247 1596 Graecorum
1270 1526 1354 1596 artis

192 1632 385 1700 rhetoricae
408 1635 719 1702 accommodarent

294 1742 480 1824 Quomodo
507 1741 558 1825 lit,
588 1752 628 1808 ut
652 1740 797 1808 Flavius
819 1742 996 1828 Josephus
1024 1763 1163 1829 quoque
1185 1742 1352 1827 Judaeus,

189 1846 248 1935 qui
284 1846 539 1933 Hierosolymis
575 1847 686 1935 captis
719 1851 869 1915 Romam
905 1847 941 1914 in
974 1847 1181 1936 Vespasiani
1211 1847 1355 1937 Titique

190 1953 342 2041 gratiam
366 1965 518 2038 venerat,
543 1977 622 2021 cum
645 1954 681 2020 id
705 1966 834 2041 ageret,
859 1963 898 2022 ut
920 1956 1051 2022 bellum
1070 1955 1260 2041 Judaicum
1280 1953 1355 2023 sive
1403 2024 1407 2033 ,

191 2061 236 2127 ad
265 2062 461 2127 edocendos
484 2062 638 2129 Graecos
666 2073 702 2129 et
725 2065 905 2130 Romanos
933 2060 1008 2130 sive
1035 2064 1079 2128 ad
1107 2065 1353 2131 celebrandum

193 2190 326 2235 novum
359 2166 545 2255 imperium
581 2169 802 2255 describeret,
836 2193 924 2258 opus
957 2167 1170 2258 quibuslibet
1198 2169 1355 2237 artificiis

193 2297 360 2341 exornare
384 2285 420 2341 et
443 2275 598 2363 expolire
620 2288 811 2344 conaretur.
859 2279 1017 2362 Quorum
1040 2300 1078 2343 se
1093 2278 1251 2344 nondum
1267 2275 1352 2344 satis

192 2402 343 2466 gnarum
366 2402 442 2448 esse
457 2393 555 2449 ratus
571 2381 741 2467 adhibuit,
764 2393 805 2449 ut
820 2381 894 2469 ipse
910 2395 1037 2468 narrat,
1046 2383 1068 2473 ¹)
1085 2385 1248 2468 rhetores,
1272 2405 1355 2472 quo

189 2509 267 2552 rum
295 2509 400 2573 opera
428 2487 459 2554 ei
483 2486 642 2575 contigit,
677 2500 718 2557 ut
741 2488 945 2576 aequalibus
967 2491 1180 2576 probaretur,
1214 2488 1354 2578 saepius

189 2594 380 2679 afferretur,
404 2617 425 2661 a
447 2594 697 2681 posterioribus
719 2595 824 2662 laude
844 2594 1049 2663 alliceretur.
1096 2598 1280 2680 Quatenus
1295 2617 1355 2663 au·

191 2710 263 2766 tem
295 2699 332 2767 in
364 2700 573 2788 scriptorum
605 2701 824 2769 sermonibus
857 2713 893 2769 et
920 2702 1099 2769 mentibus
1129 2701 1289 2788 haeserit,
1317 2701 1353 2769 in

189 2805 358 2875 memoria
385 2807 632 2875 historicorum
659 2806 830 2895 imprimis
852 2807 960 2875 medii
984 2807 1062 2877 aevi
1070 2808 1094 2896 ²)
1118 2807 1164 2877 sit
1186 2820 1354 2895 versatus,

301 3007 326 3091 ¹)
350 3018 455 3068 contra
477 3008 746 3084 Apionem150:
776 3005 839 3069 εἶτα
866 3005 980 3089 σχολῆς
1006 3004 1041 3071 ἐν
1067 3012 1105 3089 τῇ
1128 2995 1235 3090 Ῥώμῃ
1258 3006 1353 3090 λαβό-

190 3117 289 3178 μενος
319 3097 422 3177 πάσης
454 3095 513 3176 μὲν
541 3101 596 3177 τῆς
623 3091 847 3182 πραγματείας
874 3096 908 3158 ἐν
931 3101 1124 3178 παρασκευῇ
1147 3094 1355 3184 γεγενημένης

190 3183 389 3265 χρησάμενός
425 3205 484 3247 τισι
520 3183 611 3265 πρὸς
647 3183 706 3266 τὴν
739 3183 902 3267 Ἑλληνίδα
940 3184 1053 3267 φωνὴν
1086 3190 1245 3272 συνεργοῖς
1271 3185 1354 3249 οὕτω

191 3272 389 3354 ἐποιησάμην
413 3276 477 3337 τῶν
499 3273 650 3355 πράξεων
671 3273 727 3355 τὴν
748 3273 936 3356 παράδοσιν.

299 3362 326 3440 ²)
350 3381 535 3440 quamquam
557 3364 658 3424 lacere
682 3384 742 3424 non
757 3384 890 3440 possum,
913 3366 984 3441 quin
1000 3374 1173 3437 monstrem,
1196 3382 1353 3424 enumero

192 3452 431 3528 Byzantinorum,
453 3455 505 3530 qui
520 3454 683 3532 Iosephnm
706 3463 738 3512 et
754 3455 907 3513 Philonem
922 3451 999 3530 τοὺς
1014 3453 1049 3526 ἐξ
1060 3452 1216 3536 Ἑβραίων
1231 3451 1355 3533 σοφούς

191 3543 390 3601 nominabant
422 3541 583 3624 (Georgios
610 3544 777 3602 Monachos
810 3563 838 3618 p.
863 3541 973 3607 24011.
1006 3545 1047 3601 Μ.
1082 3544 1161 3620 apud
1195 3544 1356 3601 Praechter

193 3631 302 3688 Archiv
325 3632 371 3690 lfir
386 3629 568 3692 Geschichte
592 3633 645 3690 der
660 3632 860 3708 Philosophia,
882 3632 936 3691 Bd.
950 3633 1000 3691 lx.
1027 3632 1119 3701 1896,
1141 3651 1171 3708 p.
1186 3630 1259 3692 426.
1292 3631 1355 3691 Un-

191 3721 355 3778 beachtete
394 3719 692 3798 Philonfragmente),
733 3720 921 3781 Eustathinm
956 3721 1190 3797 descriptionem
1226 3719 1355 3796 Aegypti

192 3804 249 3890 (Ν
273 3805 351 3889 607)
383 3827 483 3883 paene
511 3809 697 3867 adverbum
723 3811 944 3887 transcripsisse
966 3828 1066 3886 neque
1088 3811 1259 3869 nominasse
1283 3826 1355 3866 auc·

193 3907 303 3968 torem;
328 3899 411 3973 qnod
435 3915 503 3955 cum
526 3898 634 3968 adhuc,
656 3899 688 3956 ni
710 3898 805 3965 lallor.
832 3908 863 3957 et
885 3901 924 3956 ab
948 3899 1124 3958 editioribus
1147 3897 1302 3964 Eustatbii,
1324 3897 1356 3954 in

194 3987 278 4044 cuins
300 3987 402 4044 indice
418 3987 595 4061 scriptorum
619 3989 658 4045 ab
673 3987 829 4047 Eustatbio
846 3988 1005 4046 citatorum
1021 3987 1327 4066 (Fabricius-Harless
1341 3985 1355 4041 1

192 4094 222 4151 p.
245 4073 320 4149 457)
350 4075 496 4152 Iosephus
527 4094 588 4134 non
622 4077 768 4146 laudatur,
800 4084 831 4135 et
863 4076 985 4153 Iosephi
1015 4078 1258 4153 praetermissum
1287 4092 1355 4133 esse

192 4164 338 4235 videatur,
360 4164 465 4240 paneis
488 4165 634 4241 attingere
656 4167 761 4224 liceat:

1251 4303 1264 4359 l
