<?xml version="1.0" encoding="UTF-8"?>
<!DOCTYPE html PUBLIC "-//W3C//DTD XHTML 1.0 Transitional//EN"
    "http://www.w3.org/TR/xhtml1/DTD/xhtml1-transitional.dtd">
<html xmlns="http://www.w3.org/1999/xhtml" xml:lang="en" lang="en">
 <head>
  <title>
</title>
<meta http-equiv="Content-Type" content="text/html;charset=utf-8" />
  <meta name='ocr-system' content='tesseract 3.04.00' />
  <meta name='ocr-capabilities' content='ocr_page ocr_carea ocr_par ocr_line ocrx_word'/>
</head>
<body>
  <div class='ocr_page' id='page_1' title='image "./deflaviiiosephi01wolfgoog_0026.png"; bbox 0 0 3120 4958; ppageno 0'>
   <div class='ocr_carea' id='block_1_1' title="bbox 583 388 803 456">
    <p class='ocr_par' dir='ltr' id='par_1_1' title="bbox 583 388 803 456">
     <span class='ocr_line' id='line_1_1' title="bbox 583 388 803 456; baseline 0.005 -18"><span class='ocrx_word' id='word_1_1' title='bbox 583 388 803 456; x_wconf 72' lang='lat'>..19-</span> 
     </span>
    </p>
   </div>
   <div class='ocr_carea' id='block_1_2' title="bbox 108 599 1288 1331">
    <p class='ocr_par' dir='ltr' id='par_1_2' title="bbox 108 599 1288 1331">
     <span class='ocr_line' id='line_1_2' title="bbox 110 599 1281 688; baseline 0.004 -22"><span class='ocrx_word' id='word_1_2' title='bbox 110 609 191 685; x_wconf 90' lang='lat' dir='ltr'>tr0r‚</span> <span class='ocrx_word' id='word_1_3' title='bbox 214 622 306 688; x_wconf 89' lang='lat' dir='ltr'>quae</span> <span class='ocrx_word' id='word_1_4' title='bbox 328 599 364 668; x_wconf 90' lang='lat' dir='ltr'>in</span> <span class='ocrx_word' id='word_1_5' title='bbox 389 601 549 670; x_wconf 88' lang='lat' dir='ltr'>omnium</span> <span class='ocrx_word' id='word_1_6' title='bbox 572 624 677 669; x_wconf 89' lang='lat' dir='ltr'>usum</span> <span class='ocrx_word' id='word_1_7' title='bbox 700 601 840 672; x_wconf 89' lang='lat' dir='ltr'>venisse</span> <span class='ocrx_word' id='word_1_8' title='bbox 863 613 1009 671; x_wconf 87' lang='lat' dir='ltr'>constat</span> <span class='ocrx_word' id='word_1_9' title='bbox 1055 604 1222 670; x_wconf 79' lang='lat' dir='ltr'>Attamen</span> <span class='ocrx_word' id='word_1_10' title='bbox 1240 612 1281 671; x_wconf 93' lang='lat' dir='ltr'>ut</span> 
     </span>
     <span class='ocr_line' id='line_1_3' title="bbox 111 709 1283 798; baseline 0.003 -25"><span class='ocrx_word' id='word_1_11' title='bbox 111 709 306 793; x_wconf 88' lang='lat' dir='ltr'>ostendam,</span> <span class='ocrx_word' id='word_1_12' title='bbox 346 710 521 796; x_wconf 90' lang='lat' dir='ltr'>quomodo</span> <span class='ocrx_word' id='word_1_13' title='bbox 557 721 746 798; x_wconf 88' lang='lat' dir='ltr'>componat</span> <span class='ocrx_word' id='word_1_14' title='bbox 778 721 998 798; x_wconf 89' lang='lat' dir='ltr'>argumenta,</span> <span class='ocrx_word' id='word_1_15' title='bbox 1031 730 1158 798; x_wconf 82' lang='lat' dir='ltr'>operae</span> <span class='ocrx_word' id='word_1_16' title='bbox 1194 709 1283 777; x_wconf 86' lang='lat' dir='ltr'>mihi</span> 
     </span>
     <span class='ocr_line' id='line_1_4' title="bbox 113 813 1288 904; baseline 0.003 -24"><span class='ocrx_word' id='word_1_17' title='bbox 113 813 267 902; x_wconf 90' lang='lat' dir='ltr'>pretium</span> <span class='ocrx_word' id='word_1_18' title='bbox 293 838 370 883; x_wconf 91' lang='lat' dir='ltr'>esse</span> <span class='ocrx_word' id='word_1_19' title='bbox 394 815 542 900; x_wconf 82' lang='lat' dir='ltr'>videtur,</span> <span class='ocrx_word' id='word_1_20' title='bbox 565 815 708 904; x_wconf 87' lang='lat' dir='ltr'>singula</span> <span class='ocrx_word' id='word_1_21' title='bbox 723 827 759 884; x_wconf 93' lang='lat' dir='ltr'>et</span> <span class='ocrx_word' id='word_1_22' title='bbox 775 816 984 904; x_wconf 82' lang='lat' dir='ltr'>gravissima</span> <span class='ocrx_word' id='word_1_23' title='bbox 1000 839 1160 904; x_wconf 87' lang='lat' dir='ltr'>quaeque</span> <span class='ocrx_word' id='word_1_24' title='bbox 1174 839 1288 904; x_wconf 92' lang='lat' dir='ltr'>perse-</span> 
     </span>
     <span class='ocr_line' id='line_1_5' title="bbox 108 920 1180 1012; baseline 0.003 -25"><span class='ocrx_word' id='word_1_25' title='bbox 108 920 171 1009; x_wconf 90' lang='lat' dir='ltr'>qui</span> <span class='ocrx_word' id='word_1_26' title='bbox 195 933 231 989; x_wconf 93' lang='lat' dir='ltr'>et</span> <span class='ocrx_word' id='word_1_27' title='bbox 253 922 425 1010; x_wconf 86' lang='lat' dir='ltr'>exemplis</span> <span class='ocrx_word' id='word_1_28' title='bbox 449 922 528 991; x_wconf 87' lang='lat' dir='ltr'>aliis</span> <span class='ocrx_word' id='word_1_29' title='bbox 551 922 706 1012; x_wconf 92' lang='lat' dir='ltr'>locisque</span> <span class='ocrx_word' id='word_1_30' title='bbox 728 923 903 991; x_wconf 88' lang='lat' dir='ltr'>illustrare</span> <span class='ocrx_word' id='word_1_31' title='bbox 926 935 963 991; x_wconf 95' lang='lat' dir='ltr'>et</span> <span class='ocrx_word' id='word_1_32' title='bbox 985 926 1180 1011; x_wconf 85' lang='lat' dir='ltr'>explanare.</span> 
     </span>
     <span class='ocr_line' id='line_1_6' title="bbox 218 1029 1283 1119; baseline 0.003 -23"><span class='ocrx_word' id='word_1_33' title='bbox 218 1029 324 1097; x_wconf 92' lang='lat' dir='ltr'>Morti</span> <span class='ocrx_word' id='word_1_34' title='bbox 348 1030 568 1098; x_wconf 88' lang='lat' dir='ltr'>voluntariae</span> <span class='ocrx_word' id='word_1_35' title='bbox 591 1042 711 1098; x_wconf 89' lang='lat' dir='ltr'>autem</span> <span class='ocrx_word' id='word_1_36' title='bbox 733 1029 887 1118; x_wconf 86' lang='lat' dir='ltr'>primum</span> <span class='ocrx_word' id='word_1_37' title='bbox 907 1041 1093 1119; x_wconf 75' lang='lat' dir='ltr'>repugnat,</span> <span class='ocrx_word' id='word_1_38' title='bbox 1115 1041 1157 1099; x_wconf 90' lang='lat' dir='ltr'>ut</span> <span class='ocrx_word' id='word_1_39' title='bbox 1171 1029 1283 1119; x_wconf 89' lang='lat' dir='ltr'>ipsius</span> 
     </span>
     <span class='ocr_line' id='line_1_7' title="bbox 111 1136 434 1222; baseline -0.006 -17"><span class='ocrx_word' id='word_1_40' title='bbox 111 1136 229 1205; x_wconf 88' lang='lat' dir='ltr'>verbis</span> <span class='ocrx_word' id='word_1_41' title='bbox 252 1147 341 1222; x_wconf 89' lang='lat' dir='ltr'>utar,</span> <span class='ocrx_word' id='word_1_42' title='bbox 365 1136 434 1204; x_wconf 89' lang='lat' dir='ltr'>his:</span> 
     </span>
     <span class='ocr_line' id='line_1_8' title="bbox 221 1242 1285 1331; baseline 0.006 -23"><span class='ocrx_word' id='word_1_43' title='bbox 221 1247 276 1309; x_wconf 93' lang='lat' dir='ltr'>III</span> <span class='ocrx_word' id='word_1_44' title='bbox 293 1249 367 1312; x_wconf 88' lang='grc'><strong>369.</strong></span> <span class='ocrx_word' id='word_1_45' title='bbox 391 1249 410 1330; x_wconf 83' lang='grc' dir='ltr'><em>ἡ</em></span> <span class='ocrx_word' id='word_1_46' title='bbox 427 1248 606 1331; x_wconf 79' lang='grc' dir='ltr'><strong><em>αὐτοχειρία</em></strong></span> <span class='ocrx_word' id='word_1_47' title='bbox 621 1247 675 1311; x_wconf 86' lang='grc' dir='ltr'><strong><em>καί</em></strong></span> <span class='ocrx_word' id='word_1_48' title='bbox 688 1253 743 1330; x_wconf 84' lang='grc' dir='ltr'><strong><em>τῆς</em></strong></span> <span class='ocrx_word' id='word_1_49' title='bbox 757 1253 865 1330; x_wconf 80' lang='grc' dir='ltr'><strong><em>κοινῆς</em></strong></span> <span class='ocrx_word' id='word_1_50' title='bbox 880 1242 1034 1312; x_wconf 81' lang='grc' dir='ltr'><strong><em>ἁπάντων</em></strong></span> <span class='ocrx_word' id='word_1_51' title='bbox 1045 1247 1142 1330; x_wconf 77' lang='grc' dir='ltr'><strong><em>ζῴων</em></strong></span> <span class='ocrx_word' id='word_1_52' title='bbox 1152 1248 1285 1331; x_wconf 82' lang='grc' dir='ltr'><strong><em>φύσεως</em></strong></span> 
     </span>
    </p>
   </div>
   <div class='ocr_carea' id='block_1_3' title="bbox 105 1352 1284 3885">
    <p class='ocr_par' dir='ltr' id='par_1_3' title="bbox 108 1352 1284 1865">
     <span class='ocr_line' id='line_1_9' title="bbox 111 1352 1284 1439; baseline 0.001 -21"><span class='ocrx_word' id='word_1_53' title='bbox 111 1353 279 1436; x_wconf 85' lang='grc' dir='ltr'><strong><em>ἀλλύτριον</em></strong></span> <span class='ocrx_word' id='word_1_54' title='bbox 306 1354 361 1418; x_wconf 88' lang='grc' dir='ltr'><strong><em>καί</em></strong></span> <span class='ocrx_word' id='word_1_55' title='bbox 388 1355 469 1439; x_wconf 82' lang='grc' dir='ltr'><strong><em>πρὸς</em></strong></span> <span class='ocrx_word' id='word_1_56' title='bbox 493 1354 548 1419; x_wconf 87' lang='grc' dir='ltr'>τὸν</span> <span class='ocrx_word' id='word_1_57' title='bbox 569 1356 721 1419; x_wconf 73' lang='grc' dir='ltr'><strong><em>κτίσαντα</em></strong></span> <span class='ocrx_word' id='word_1_58' title='bbox 743 1353 824 1419; x_wconf 82' lang='grc' dir='ltr'><strong><em>δεδν</em></strong></span> <span class='ocrx_word' id='word_1_59' title='bbox 847 1356 931 1438; x_wconf 83' lang='grc' dir='ltr'><strong><em>ἡμᾶς</em></strong></span> <span class='ocrx_word' id='word_1_60' title='bbox 953 1355 1033 1419; x_wconf 79' lang='grc' dir='ltr'><strong><em>ἐστιν</em></strong></span> <span class='ocrx_word' id='word_1_61' title='bbox 1055 1352 1187 1439; x_wconf 78' lang='grc' dir='ltr'><strong><em>ἀσέβεια</em></strong></span> <span class='ocrx_word' id='word_1_62' title='bbox 1210 1352 1284 1439; x_wconf 89' lang='lat' dir='ltr'>qui-</span> 
     </span>
     <span class='ocr_line' id='line_1_10' title="bbox 108 1456 1281 1547; baseline 0.003 -24"><span class='ocrx_word' id='word_1_63' title='bbox 108 1457 258 1524; x_wconf 92' lang='lat' dir='ltr'>buscum</span> <span class='ocrx_word' id='word_1_64' title='bbox 283 1460 441 1525; x_wconf 85' lang='lat' dir='ltr'>conferas</span> <span class='ocrx_word' id='word_1_65' title='bbox 465 1457 553 1525; x_wconf 90' lang='lat' dir='ltr'>illud</span> <span class='ocrx_word' id='word_1_66' title='bbox 574 1456 733 1545; x_wconf 89' lang='lat' dir='ltr'>Emporii</span> <span class='ocrx_word' id='word_1_67' title='bbox 754 1460 798 1547; x_wconf 88' lang='lat' dir='ltr'>(p.</span> <span class='ocrx_word' id='word_1_68' title='bbox 818 1461 871 1544; x_wconf 88' lang='lat'>18)</span> <span class='ocrx_word' id='word_1_69' title='bbox 894 1459 1078 1545; x_wconf 90' lang='lat' dir='ltr'>paululum</span> <span class='ocrx_word' id='word_1_70' title='bbox 1099 1458 1281 1526; x_wconf 87' lang='lat' dir='ltr'>variatum.</span> 
     </span>
     <span class='ocr_line' id='line_1_11' title="bbox 109 1564 1282 1651; baseline 0.003 -22"><span class='ocrx_word' id='word_1_71' title='bbox 109 1566 227 1648; x_wconf 82' lang='lat' dir='ltr'>Quam</span> <span class='ocrx_word' id='word_1_72' title='bbox 264 1564 610 1651; x_wconf 86' lang='lat' dir='ltr'>argumentationem</span> <span class='ocrx_word' id='word_1_73' title='bbox 648 1565 794 1633; x_wconf 91' lang='lat' dir='ltr'>omnino</span> <span class='ocrx_word' id='word_1_74' title='bbox 826 1564 970 1632; x_wconf 82' lang='lat' dir='ltr'>affinem</span> <span class='ocrx_word' id='word_1_75' title='bbox 1003 1587 1079 1632; x_wconf 87' lang='lat' dir='ltr'>esse</span> <span class='ocrx_word' id='word_1_76' title='bbox 1111 1564 1282 1632; x_wconf 80' lang='lat' dir='ltr'>diatribae</span> 
     </span>
     <span class='ocr_line' id='line_1_12' title="bbox 108 1671 1281 1760; baseline 0.003 -24"><span class='ocrx_word' id='word_1_77' title='bbox 108 1692 200 1757; x_wconf 86' lang='lat' dir='ltr'>quae</span> <span class='ocrx_word' id='word_1_78' title='bbox 229 1683 377 1739; x_wconf 86' lang='lat' dir='ltr'>vocatur</span> <span class='ocrx_word' id='word_1_79' title='bbox 406 1694 486 1738; x_wconf 89' lang='lat' dir='ltr'>cum</span> <span class='ocrx_word' id='word_1_80' title='bbox 514 1671 771 1742; x_wconf 86' lang='lat' dir='ltr'>Wendlandius</span> <span class='ocrx_word' id='word_1_81' title='bbox 800 1671 956 1759; x_wconf 89' lang='lat' dir='ltr'>attingat</span> <span class='ocrx_word' id='word_1_82' title='bbox 965 1674 995 1760; x_wconf 85' lang='lat'>¹),</span> <span class='ocrx_word' id='word_1_83' title='bbox 1023 1673 1209 1759; x_wconf 84' lang='lat' dir='ltr'>populares</span> <span class='ocrx_word' id='word_1_84' title='bbox 1236 1673 1281 1739; x_wconf 89' lang='lat' dir='ltr'>ad</span> 
     </span>
     <span class='ocr_line' id='line_1_13' title="bbox 108 1778 612 1865; baseline 0.008 -23"><span class='ocrx_word' id='word_1_85' title='bbox 108 1778 280 1844; x_wconf 82' lang='lat' dir='ltr'>formulas</span> <span class='ocrx_word' id='word_1_86' title='bbox 302 1779 482 1865; x_wconf 85' lang='lat' dir='ltr'>pertinent</span> <span class='ocrx_word' id='word_1_87' title='bbox 504 1780 612 1846; x_wconf 91' lang='lat' dir='ltr'>verba</span> 
     </span>
    </p>

    <p class='ocr_par' dir='ltr' id='par_1_4' title="bbox 107 1877 1282 2400">
     <span class='ocr_line' id='line_1_14' title="bbox 220 1877 1282 1971; baseline 0.001 -21"><span class='ocrx_word' id='word_1_88' title='bbox 220 1888 360 1951; x_wconf 84' lang='lat'><strong>111372.</strong></span> <span class='ocrx_word' id='word_1_89' title='bbox 384 1888 473 1971; x_wconf 82' lang='grc' dir='ltr'><em>ψυχὴ</em></span> <span class='ocrx_word' id='word_1_90' title='bbox 510 1877 540 1951; x_wconf 58' lang='grc' dir='ltr'>δ)</span> <span class='ocrx_word' id='word_1_91' title='bbox 556 1889 719 1966; x_wconf 78' lang='grc' dir='ltr'><strong><em>ἀθάνατος</em></strong></span> <span class='ocrx_word' id='word_1_92' title='bbox 750 1888 804 1952; x_wconf 80' lang='grc' dir='ltr'><strong><em>καί</em></strong></span> <span class='ocrx_word' id='word_1_93' title='bbox 830 1889 909 1952; x_wconf 75' lang='grc' dir='ltr'><strong><em>θεοῦ</em></strong></span> <span class='ocrx_word' id='word_1_94' title='bbox 932 1895 1030 1970; x_wconf 84' lang='grc' dir='ltr'><strong><em>μοῖρα</em></strong></span> <span class='ocrx_word' id='word_1_95' title='bbox 1052 1893 1116 1958; x_wconf 84' lang='grc' dir='ltr'><strong><em>τοῖς</em></strong></span> <span class='ocrx_word' id='word_1_96' title='bbox 1138 1888 1282 1971; x_wconf 85' lang='grc' dir='ltr'><strong><em>σώμασιν</em></strong></span> 
     </span>
     <span class='ocr_line' id='line_1_15' title="bbox 112 1990 1282 2080; baseline 0 -22"><span class='ocrx_word' id='word_1_97' title='bbox 112 1995 318 2071; x_wconf 66' lang='grc' dir='ltr'><strong><em>ἐνοικίζεται·</em></strong></span> <span class='ocrx_word' id='word_1_98' title='bbox 341 2015 447 2080; x_wconf 91' lang='lat' dir='ltr'>quam</span> <span class='ocrx_word' id='word_1_99' title='bbox 472 2015 576 2080; x_wconf 88' lang='lat' dir='ltr'>saepe</span> <span class='ocrx_word' id='word_1_100' title='bbox 599 1993 692 2059; x_wconf 90' lang='lat' dir='ltr'>enim</span> <span class='ocrx_word' id='word_1_101' title='bbox 717 2014 842 2080; x_wconf 88' lang='lat' dir='ltr'>corpus</span> <span class='ocrx_word' id='word_1_102' title='bbox 865 2003 900 2059; x_wconf 90' lang='lat' dir='ltr'>et</span> <span class='ocrx_word' id='word_1_103' title='bbox 923 1994 1048 2058; x_wconf 90' lang='lat' dir='ltr'>domus</span> <span class='ocrx_word' id='word_1_104' title='bbox 1069 1990 1141 2058; x_wconf 91' lang='lat' dir='ltr'>sint</span> <span class='ocrx_word' id='word_1_105' title='bbox 1156 1993 1282 2058; x_wconf 89' lang='lat' dir='ltr'>collata</span> 
     </span>
     <span class='ocr_line' id='line_1_16' title="bbox 109 2098 1281 2188; baseline 0 -23"><span class='ocrx_word' id='word_1_106' title='bbox 109 2099 237 2166; x_wconf 90' lang='lat' dir='ltr'>doceat</span> <span class='ocrx_word' id='word_1_107' title='bbox 270 2099 474 2188; x_wconf 86' lang='lat' dir='ltr'>Heinzius²)</span> <span class='ocrx_word' id='word_1_108' title='bbox 507 2098 574 2166; x_wconf 89' lang='lat' dir='ltr'>alii.</span> <span class='ocrx_word' id='word_1_109' title='bbox 622 2098 841 2166; x_wconf 88' lang='lat' dir='ltr'>Platonicum</span> <span class='ocrx_word' id='word_1_110' title='bbox 879 2110 997 2166; x_wconf 88' lang='lat' dir='ltr'>autem</span> <span class='ocrx_word' id='word_1_111' title='bbox 1030 2100 1171 2165; x_wconf 90' lang='lat' dir='ltr'>odorem</span> <span class='ocrx_word' id='word_1_112' title='bbox 1205 2120 1281 2165; x_wconf 87' lang='lat' dir='ltr'>sen·</span> 
     </span>
     <span class='ocr_line' id='line_1_17' title="bbox 109 2205 1280 2293; baseline -0.001 -21"><span class='ocrx_word' id='word_1_113' title='bbox 109 2206 244 2273; x_wconf 87' lang='lat' dir='ltr'>tentiae</span> <span class='ocrx_word' id='word_1_114' title='bbox 271 2217 307 2272; x_wconf 89' lang='lat' dir='ltr'>et</span> <span class='ocrx_word' id='word_1_115' title='bbox 334 2207 507 2274; x_wconf 88' lang='lat' dir='ltr'>vocabula</span> <span class='ocrx_word' id='word_1_116' title='bbox 534 2217 685 2290; x_wconf 81' lang='lat' dir='ltr'>servant,</span> <span class='ocrx_word' id='word_1_117' title='bbox 713 2228 803 2293; x_wconf 89' lang='lat' dir='ltr'>quae</span> <span class='ocrx_word' id='word_1_118' title='bbox 832 2205 973 2293; x_wconf 91' lang='lat' dir='ltr'>quidem</span> <span class='ocrx_word' id='word_1_119' title='bbox 996 2205 1032 2271; x_wconf 91' lang='lat' dir='ltr'>in</span> <span class='ocrx_word' id='word_1_120' title='bbox 1058 2227 1280 2272; x_wconf 89' lang='lat' dir='ltr'>communem</span> 
     </span>
     <span class='ocr_line' id='line_1_18' title="bbox 107 2312 896 2400; baseline -0.003 -20"><span class='ocrx_word' id='word_1_121' title='bbox 107 2335 214 2380; x_wconf 88' lang='lat' dir='ltr'>usum</span> <span class='ocrx_word' id='word_1_122' title='bbox 238 2312 378 2380; x_wconf 89' lang='lat' dir='ltr'>venisse</span> <span class='ocrx_word' id='word_1_123' title='bbox 402 2336 508 2400; x_wconf 90' lang='lat' dir='ltr'>supra</span> <span class='ocrx_word' id='word_1_124' title='bbox 532 2312 896 2380; x_wconf 87' lang='lat' dir='ltr'>commemoravimus:</span> 
     </span>
    </p>

    <p class='ocr_par' dir='ltr' id='par_1_5' title="bbox 106 2411 1284 3578">
     <span class='ocr_line' id='line_1_19' title="bbox 219 2411 1281 2507; baseline 0.002 -23"><span class='ocrx_word' id='word_1_125' title='bbox 219 2422 274 2485; x_wconf 91' lang='grc' dir='ltr'>ΙΙΙ</span> <span class='ocrx_word' id='word_1_126' title='bbox 288 2424 360 2486; x_wconf 85' lang='grc'><strong>372.</strong></span> <span class='ocrx_word' id='word_1_127' title='bbox 386 2411 439 2487; x_wconf 69' lang='grc' dir='ltr'><strong><em>εἶτ’</em></strong></span> <span class='ocrx_word' id='word_1_128' title='bbox 467 2421 522 2486; x_wconf 73' lang='grc' dir='ltr'><strong><em>ἐὰν</em></strong></span> <span class='ocrx_word' id='word_1_129' title='bbox 552 2423 611 2505; x_wconf 79' lang='grc' dir='ltr'><strong><em>μὲν</em></strong></span> <span class='ocrx_word' id='word_1_130' title='bbox 639 2423 776 2505; x_wconf 81' lang='grc' dir='ltr'><strong><em>ἀφανίσῃ</em></strong></span> <span class='ocrx_word' id='word_1_131' title='bbox 803 2446 853 2492; x_wconf 83' lang='grc' dir='ltr'><strong><em>τις</em></strong></span> <span class='ocrx_word' id='word_1_132' title='bbox 880 2423 1059 2503; x_wconf 68' lang='grc' dir='ltr'><strong><em>ἀνθρώπου</em></strong></span> <span class='ocrx_word' id='word_1_133' title='bbox 1092 2444 1281 2507; x_wconf 88' lang='grc' dir='ltr'><strong><em>παρακατα-</em></strong></span> 
     </span>
     <span class='ocr_line' id='line_1_20' title="bbox 108 2529 1284 2613; baseline -0.001 -20"><span class='ocrx_word' id='word_1_134' title='bbox 108 2530 218 2613; x_wconf 70' lang='grc' dir='ltr'><strong><em>θήκην</em></strong></span> <span class='ocrx_word' id='word_1_135' title='bbox 250 2533 270 2612; x_wconf 83' lang='grc' dir='ltr'><em>ἢ</em></span> <span class='ocrx_word' id='word_1_136' title='bbox 295 2530 451 2612; x_wconf 74' lang='grc' dir='ltr'><strong><em>διαθῆται</em></strong></span> <span class='ocrx_word' id='word_1_137' title='bbox 475 2536 597 2600; x_wconf 82' lang='grc' dir='ltr'><strong><em>κακῶς,</em></strong></span> <span class='ocrx_word' id='word_1_138' title='bbox 631 2529 773 2611; x_wconf 83' lang='grc' dir='ltr'><strong><em>πονηρὸς</em></strong></span> <span class='ocrx_word' id='word_1_139' title='bbox 795 2531 871 2592; x_wconf 82' lang='grc' dir='ltr'><strong><em>εἶναι</em></strong></span> <span class='ocrx_word' id='word_1_140' title='bbox 895 2529 1056 2592; x_wconf 81' lang='grc' dir='ltr'><strong><em>δοκεῖκαὶ</em></strong></span> <span class='ocrx_word' id='word_1_141' title='bbox 1079 2529 1219 2606; x_wconf 80' lang='grc' dir='ltr'><strong><em>ἄπιστος,</em></strong></span> <span class='ocrx_word' id='word_1_142' title='bbox 1253 2530 1284 2594; x_wconf 81' lang='grc' dir='ltr'>εί</span> 
     </span>
     <span class='ocr_line' id='line_1_21' title="bbox 109 2632 1279 2723; baseline -0.002 -22"><span class='ocrx_word' id='word_1_143' title='bbox 109 2637 145 2701; x_wconf 84' lang='grc' dir='ltr'>δέ</span> <span class='ocrx_word' id='word_1_144' title='bbox 167 2661 215 2707; x_wconf 88' lang='grc' dir='ltr'><strong><em>τις</em></strong></span> <span class='ocrx_word' id='word_1_145' title='bbox 237 2643 292 2702; x_wconf 84' lang='grc' dir='ltr'><strong><em>τοῦ</em></strong></span> <span class='ocrx_word' id='word_1_146' title='bbox 316 2638 469 2723; x_wconf 76' lang='grc' dir='ltr'><strong><em>σφετέρου</em></strong></span> <span class='ocrx_word' id='word_1_147' title='bbox 493 2632 641 2718; x_wconf 81' lang='grc' dir='ltr'><strong><em>σώματος</em></strong></span> <span class='ocrx_word' id='word_1_148' title='bbox 664 2636 805 2718; x_wconf 74' lang='grc' dir='ltr'>ἐκβάλλει</span> <span class='ocrx_word' id='word_1_149' title='bbox 828 2636 887 2717; x_wconf 81' lang='grc' dir='ltr'>τὴν</span> <span class='ocrx_word' id='word_1_150' title='bbox 917 2636 1198 2719; x_wconf 70' lang='grc' dir='ltr'><strong><em>παρακαταθήκην</em></strong></span> <span class='ocrx_word' id='word_1_151' title='bbox 1220 2641 1279 2699; x_wconf 85' lang='grc' dir='ltr'><strong><em>τοῦ</em></strong></span> 
     </span>
     <span class='ocr_line' id='line_1_22' title="bbox 108 2737 1280 2826; baseline -0.002 -18"><span class='ocrx_word' id='word_1_152' title='bbox 108 2744 201 2818; x_wconf 72' lang='grc' dir='ltr'><strong><em>θεοῦ,</em></strong></span> <span class='ocrx_word' id='word_1_153' title='bbox 235 2743 401 2826; x_wconf 75' lang='grc' dir='ltr'><strong><em>λεληθέναι</em></strong></span> <span class='ocrx_word' id='word_1_154' title='bbox 436 2744 526 2808; x_wconf 87' lang='grc' dir='ltr'><strong><em>δοκεῖ</em></strong></span> <span class='ocrx_word' id='word_1_155' title='bbox 544 2743 598 2807; x_wconf 88' lang='grc' dir='ltr'><strong><em>τάν</em></strong></span> <span class='ocrx_word' id='word_1_156' title='bbox 621 2743 847 2824; x_wconf 81' lang='grc' dir='ltr'><strong><em>ἀδικούμενον;</em></strong></span> <span class='ocrx_word' id='word_1_157' title='bbox 881 2741 936 2805; x_wconf 83' lang='grc' dir='ltr'><strong><em>καί</em></strong></span> <span class='ocrx_word' id='word_1_158' title='bbox 960 2737 1106 2815; x_wconf 77' lang='grc' dir='ltr'><strong><em>κολάζειν</em></strong></span> <span class='ocrx_word' id='word_1_159' title='bbox 1127 2741 1280 2824; x_wconf 73' lang='grc' dir='ltr'><strong><em>μὲντοὺς</em></strong></span> 
     </span>
     <span class='ocr_line' id='line_1_23' title="bbox 107 2845 1279 2936; baseline 0 -22"><span class='ocrx_word' id='word_1_160' title='bbox 107 2851 321 2936; x_wconf 85' lang='grc' dir='ltr'><strong><em>ἀποδράντας</em></strong></span> <span class='ocrx_word' id='word_1_161' title='bbox 336 2845 463 2921; x_wconf 74' lang='grc' dir='ltr'><strong><em>οἰκέτας</em></strong></span> <span class='ocrx_word' id='word_1_162' title='bbox 478 2847 604 2914; x_wconf 89' lang='grc' dir='ltr'><strong><em>δίκαιον</em></strong></span> <span class='ocrx_word' id='word_1_163' title='bbox 620 2850 798 2933; x_wconf 85' lang='grc' dir='ltr'><strong><em>νενόμισται</em></strong></span> <span class='ocrx_word' id='word_1_164' title='bbox 812 2851 873 2911; x_wconf 84' lang='grc' dir='ltr'><strong><em>κάν</em></strong></span> <span class='ocrx_word' id='word_1_165' title='bbox 887 2848 1045 2933; x_wconf 83' lang='grc' dir='ltr'><strong><em>πονηρούς</em></strong></span> <span class='ocrx_word' id='word_1_166' title='bbox 1060 2849 1279 2914; x_wconf 81' lang='grc' dir='ltr'><strong><em>καταλείπωσι</em></strong></span> 
     </span>
     <span class='ocr_line' id='line_1_24' title="bbox 109 2955 1279 3039; baseline -0.002 -17"><span class='ocrx_word' id='word_1_167' title='bbox 109 2957 277 3030; x_wconf 82' lang='grc' dir='ltr'><strong><em>δεσπότας,</em></strong></span> <span class='ocrx_word' id='word_1_168' title='bbox 300 2957 393 3022; x_wconf 81' lang='grc' dir='ltr'><strong><em>αὐτοὶ</em></strong></span> <span class='ocrx_word' id='word_1_169' title='bbox 416 2956 450 3021; x_wconf 75' lang='grc' dir='ltr'>δὲ</span> <span class='ocrx_word' id='word_1_170' title='bbox 472 2957 637 3022; x_wconf 85' lang='grc' dir='ltr'><strong><em>κάλλιστον</em></strong></span> <span class='ocrx_word' id='word_1_171' title='bbox 659 2958 729 3039; x_wconf 83' lang='grc' dir='ltr'><strong><em>βίον</em></strong></span> <span class='ocrx_word' id='word_1_172' title='bbox 752 2955 1041 3037; x_wconf 80' lang='grc' dir='ltr'><strong><em>ἀποδιδράσκοντες</em></strong></span> <span class='ocrx_word' id='word_1_173' title='bbox 1062 2955 1116 3019; x_wconf 88' lang='grc' dir='ltr'>τὸν</span> <span class='ocrx_word' id='word_1_174' title='bbox 1139 2955 1218 3020; x_wconf 75' lang='grc' dir='ltr'><strong><em>θεὸν</em></strong></span> <span class='ocrx_word' id='word_1_175' title='bbox 1240 2957 1279 3020; x_wconf 90' lang='grc' dir='ltr'>ού</span> 
     </span>
     <span class='ocr_line' id='line_1_25' title="bbox 108 3059 1279 3150; baseline -0.003 -21"><span class='ocrx_word' id='word_1_176' title='bbox 108 3065 269 3146; x_wconf 84' lang='grc' dir='ltr'><strong><em>δοκοῦμεν</em></strong></span> <span class='ocrx_word' id='word_1_177' title='bbox 296 3065 440 3147; x_wconf 77' lang='grc' dir='ltr'><strong><em>ἀσεβεῖν;</em></strong></span> <span class='ocrx_word' id='word_1_178' title='bbox 468 3062 520 3150; x_wconf 87' lang='grc' dir='ltr'>ἀρ’</span> <span class='ocrx_word' id='word_1_179' title='bbox 546 3065 605 3127; x_wconf 87' lang='grc' dir='ltr'><strong><em>ούκ</em></strong></span> <span class='ocrx_word' id='word_1_180' title='bbox 629 3059 692 3127; x_wconf 76' lang='grc' dir='ltr'><strong><em>ίστε</em></strong></span> <span class='ocrx_word' id='word_1_181' title='bbox 714 3065 760 3127; x_wconf 87' lang='grc' dir='ltr'><strong><em>ὅτι</em></strong></span> <span class='ocrx_word' id='word_1_182' title='bbox 781 3069 846 3126; x_wconf 86' lang='grc' dir='ltr'>τῶν</span> <span class='ocrx_word' id='word_1_183' title='bbox 867 3061 926 3144; x_wconf 78' lang='grc' dir='ltr'><strong><em>μὲν</em></strong></span> <span class='ocrx_word' id='word_1_184' title='bbox 949 3063 1098 3136; x_wconf 82' lang='grc' dir='ltr'><strong><em>ἐξιόντων</em></strong></span> <span class='ocrx_word' id='word_1_185' title='bbox 1124 3069 1180 3126; x_wconf 84' lang='grc' dir='ltr'><strong><em>τοῦ</em></strong></span> <span class='ocrx_word' id='word_1_186' title='bbox 1207 3063 1279 3145; x_wconf 78' lang='grc' dir='ltr'><strong><em>βίον</em></strong></span> 
     </span>
     <span class='ocr_line' id='line_1_26' title="bbox 107 3169 1278 3254; baseline -0.003 -19"><span class='ocrx_word' id='word_1_187' title='bbox 107 3171 190 3236; x_wconf 87' lang='grc' dir='ltr'><strong><em>κατὰ</em></strong></span> <span class='ocrx_word' id='word_1_188' title='bbox 224 3171 282 3235; x_wconf 87' lang='grc' dir='ltr'>τὸν</span> <span class='ocrx_word' id='word_1_189' title='bbox 315 3177 373 3254; x_wconf 84' lang='grc' dir='ltr'><strong><em>τῆς</em></strong></span> <span class='ocrx_word' id='word_1_190' title='bbox 406 3171 534 3253; x_wconf 79' lang='grc' dir='ltr'><strong><em>φύσεως</em></strong></span> <span class='ocrx_word' id='word_1_191' title='bbox 568 3171 668 3252; x_wconf 85' lang='grc' dir='ltr'><strong><em>νόμον</em></strong></span> <span class='ocrx_word' id='word_1_192' title='bbox 702 3171 755 3234; x_wconf 82' lang='grc' dir='ltr'><strong><em>καί</em></strong></span> <span class='ocrx_word' id='word_1_193' title='bbox 788 3170 826 3234; x_wconf 84' lang='grc' dir='ltr'><strong><em>τδ</em></strong></span> <span class='ocrx_word' id='word_1_194' title='bbox 850 3169 975 3252; x_wconf 75' lang='grc' dir='ltr'><strong><em>ληφθὲν</em></strong></span> <span class='ocrx_word' id='word_1_195' title='bbox 999 3169 1090 3254; x_wconf 84' lang='grc' dir='ltr'><strong><em>παρὰ</em></strong></span> <span class='ocrx_word' id='word_1_196' title='bbox 1113 3175 1172 3233; x_wconf 86' lang='grc' dir='ltr'><strong><em>τοῦ</em></strong></span> <span class='ocrx_word' id='word_1_197' title='bbox 1196 3174 1278 3234; x_wconf 75' lang='grc' dir='ltr'><strong><em>θεοῦ</em></strong></span> 
     </span>
     <span class='ocr_line' id='line_1_27' title="bbox 106 3271 1280 3361; baseline -0.002 -19"><span class='ocrx_word' id='word_1_198' title='bbox 106 3280 203 3361; x_wconf 85' lang='grc' dir='ltr'><strong><em>χρέος</em></strong></span> <span class='ocrx_word' id='word_1_199' title='bbox 226 3278 413 3342; x_wconf 76' lang='grc' dir='ltr'><strong><em>ἐκτινύντων</em></strong></span> <span class='ocrx_word' id='word_1_200' title='bbox 437 3278 512 3341; x_wconf 81' lang='grc' dir='ltr'><strong><em>ὅταν</em></strong></span> <span class='ocrx_word' id='word_1_201' title='bbox 535 3277 647 3347; x_wconf 84' lang='grc' dir='ltr'><strong><em>ὁδούς</em></strong></span> <span class='ocrx_word' id='word_1_202' title='bbox 668 3278 865 3359; x_wconf 76' lang='grc' dir='ltr'><strong><em>κομίσασθαι</em></strong></span> <span class='ocrx_word' id='word_1_203' title='bbox 885 3276 964 3359; x_wconf 63' lang='lat' dir='ltr'>ott„</span> <span class='ocrx_word' id='word_1_204' title='bbox 980 3277 1041 3340; x_wconf 89' lang='grc' dir='ltr'><strong><em>κτλ</em></strong></span> <span class='ocrx_word' id='word_1_205' title='bbox 1059 3272 1159 3339; x_wconf 90' lang='lat' dir='ltr'>cuius</span> <span class='ocrx_word' id='word_1_206' title='bbox 1182 3271 1280 3340; x_wconf 81' lang='grc' dir='ltr'><strong><em>τόπου</em></strong></span> 
     </span>
     <span class='ocr_line' id='line_1_28' title="bbox 107 3377 1278 3469; baseline -0.004 -20"><span class='ocrx_word' id='word_1_207' title='bbox 107 3392 362 3469; x_wconf 85' lang='lat' dir='ltr'>argumentum</span> <span class='ocrx_word' id='word_1_208' title='bbox 386 3392 422 3448; x_wconf 91' lang='lat' dir='ltr'>et</span> <span class='ocrx_word' id='word_1_209' title='bbox 445 3382 552 3448; x_wconf 88' lang='lat' dir='ltr'>verba</span> <span class='ocrx_word' id='word_1_210' title='bbox 574 3380 681 3448; x_wconf 89' lang='lat' dir='ltr'>variis</span> <span class='ocrx_word' id='word_1_211' title='bbox 704 3403 723 3446; x_wconf 90' lang='lat' dir='ltr'>e</span> <span class='ocrx_word' id='word_1_212' title='bbox 745 3380 934 3467; x_wconf 88' lang='lat' dir='ltr'>generibus</span> <span class='ocrx_word' id='word_1_213' title='bbox 950 3378 1092 3467; x_wconf 88' lang='lat' dir='ltr'>singula</span> <span class='ocrx_word' id='word_1_214' title='bbox 1108 3377 1278 3465; x_wconf 89' lang='lat' dir='ltr'>exemplis</span> 
     </span>
     <span class='ocr_line' id='line_1_29' title="bbox 108 3489 357 3578; baseline -0.004 -22"><span class='ocrx_word' id='word_1_215' title='bbox 108 3489 357 3578; x_wconf 86' lang='lat' dir='ltr'>explanentur:</span> 
     </span>
    </p>

    <p class='ocr_par' dir='ltr' id='par_1_6' title="bbox 105 3592 1279 3885">
     <span class='ocr_line' id='line_1_30' title="bbox 218 3592 1279 3679; baseline -0.002 -18"><span class='ocrx_word' id='word_1_216' title='bbox 218 3596 318 3662; x_wconf 91' lang='lat' dir='ltr'>Plato</span> <span class='ocrx_word' id='word_1_217' title='bbox 342 3595 483 3662; x_wconf 85' lang='lat' dir='ltr'>Phaedo</span> <span class='ocrx_word' id='word_1_218' title='bbox 508 3599 549 3661; x_wconf 83' lang='lat'>62</span> <span class='ocrx_word' id='word_1_219' title='bbox 574 3599 609 3661; x_wconf 92' lang='lat' dir='ltr'>B.</span> <span class='ocrx_word' id='word_1_220' title='bbox 642 3599 680 3662; x_wconf 87' lang='grc' dir='ltr'>οὐ</span> <span class='ocrx_word' id='word_1_221' title='bbox 716 3597 765 3661; x_wconf 88' lang='grc' dir='ltr'>δεῖ</span> <span class='ocrx_word' id='word_1_222' title='bbox 791 3597 830 3679; x_wconf 80' lang='grc' dir='ltr'>δὴ</span> <span class='ocrx_word' id='word_1_223' title='bbox 860 3595 974 3662; x_wconf 81' lang='grc' dir='ltr'><strong><em>ἑαυτὸν</em></strong></span> <span class='ocrx_word' id='word_1_224' title='bbox 997 3592 1034 3662; x_wconf 77' lang='grc' dir='ltr'><strong><em>ἐκ</em></strong></span> <span class='ocrx_word' id='word_1_225' title='bbox 1056 3597 1170 3679; x_wconf 84' lang='grc' dir='ltr'><strong><em>ταύτης</em></strong></span> <span class='ocrx_word' id='word_1_226' title='bbox 1191 3595 1279 3661; x_wconf 85' lang='grc' dir='ltr'><strong><em>λύειν</em></strong></span> 
     </span>
     <span class='ocr_line' id='line_1_31' title="bbox 106 3704 1279 3792; baseline -0.003 -21"><span class='ocrx_word' id='word_1_227' title='bbox 106 3707 179 3773; x_wconf 79' lang='grc' dir='ltr'><strong><em>οὐδ’</em></strong></span> <span class='ocrx_word' id='word_1_228' title='bbox 205 3705 446 3789; x_wconf 78' lang='grc' dir='ltr'><strong><em>ἀποδιδράσκειν</em></strong></span> <span class='ocrx_word' id='word_1_229' title='bbox 467 3705 552 3787; x_wconf 77' lang='grc' dir='ltr'><em>ἡμᾶς</em></span> <span class='ocrx_word' id='word_1_230' title='bbox 573 3704 648 3782; x_wconf 88' lang='grc' dir='ltr'><strong><em>τοὺς</em></strong></span> <span class='ocrx_word' id='word_1_231' title='bbox 670 3705 864 3787; x_wconf 62' lang='grc' dir='ltr'><strong><em>ἀνθρώποις</em></strong></span> <span class='ocrx_word' id='word_1_232' title='bbox 885 3707 920 3768; x_wconf 85' lang='grc' dir='ltr'><strong><em>ἓν</em></strong></span> <span class='ocrx_word' id='word_1_233' title='bbox 942 3709 1007 3767; x_wconf 89' lang='grc' dir='ltr'>τῶν</span> <span class='ocrx_word' id='word_1_234' title='bbox 1022 3704 1194 3792; x_wconf 77' lang='grc' dir='ltr'><strong><em>κτημάτων</em></strong></span> <span class='ocrx_word' id='word_1_235' title='bbox 1208 3704 1279 3780; x_wconf 87' lang='grc' dir='ltr'><strong><em>τοῖς</em></strong></span> 
     </span>
     <span class='ocr_line' id='line_1_32' title="bbox 105 3813 544 3885; baseline -0.014 -6"><span class='ocrx_word' id='word_1_236' title='bbox 105 3814 199 3885; x_wconf 76' lang='grc' dir='ltr'><strong><em>θεοῖς</em></strong></span> <span class='ocrx_word' id='word_1_237' title='bbox 222 3813 307 3878; x_wconf 87' lang='grc' dir='ltr'><strong><em>είναι.</em></strong></span> <span class='ocrx_word' id='word_1_238' title='bbox 541 3829 544 3832; x_wconf 80' lang='grc'><strong><em>’</em></strong></span> 
     </span>
    </p>
   </div>
   <div class='ocr_carea' id='block_1_4' title="bbox 106 3991 1277 4342">
    <p class='ocr_par' dir='ltr' id='par_1_7' title="bbox 106 3991 1277 4342">
     <span class='ocr_line' id='line_1_33' title="bbox 220 3991 1276 4077; baseline -0.006 -23"><span class='ocrx_word' id='word_1_239' title='bbox 220 3991 242 4077; x_wconf 88' lang='lat'>¹)</span> <span class='ocrx_word' id='word_1_240' title='bbox 266 3995 325 4054; x_wconf 84' lang='lat' dir='ltr'>Die</span> <span class='ocrx_word' id='word_1_241' title='bbox 359 3995 574 4071; x_wconf 86' lang='lat' dir='ltr'>Therapeuten</span> <span class='ocrx_word' id='word_1_242' title='bbox 609 3995 670 4051; x_wconf 87' lang='lat' dir='ltr'>und</span> <span class='ocrx_word' id='word_1_243' title='bbox 705 3994 754 4051; x_wconf 89' lang='lat' dir='ltr'>die</span> <span class='ocrx_word' id='word_1_244' title='bbox 789 3993 977 4068; x_wconf 76' lang='lat' dir='ltr'>philonische</span> <span class='ocrx_word' id='word_1_245' title='bbox 1001 3992 1109 4050; x_wconf 79' lang='lat' dir='ltr'>Schrift</span> <span class='ocrx_word' id='word_1_246' title='bbox 1130 4008 1200 4050; x_wconf 88' lang='lat' dir='ltr'>vom</span> <span class='ocrx_word' id='word_1_247' title='bbox 1223 3992 1276 4048; x_wconf 87' lang='lat' dir='ltr'>be·</span> 
     </span>
     <span class='ocr_line' id='line_1_34' title="bbox 106 4079 1277 4160; baseline -0.005 -16"><span class='ocrx_word' id='word_1_248' title='bbox 106 4087 305 4144; x_wconf 70' lang='lat' dir='ltr'>athaulichen</span> <span class='ocrx_word' id='word_1_249' title='bbox 333 4084 449 4152; x_wconf 82' lang='lat' dir='ltr'>Leben,</span> <span class='ocrx_word' id='word_1_250' title='bbox 481 4085 583 4160; x_wconf 87' lang='lat' dir='ltr'>Jahrb.</span> <span class='ocrx_word' id='word_1_251' title='bbox 609 4082 656 4141; x_wconf 81' lang='lat' dir='ltr'>ffir</span> <span class='ocrx_word' id='word_1_252' title='bbox 682 4082 770 4141; x_wconf 77' lang='lat' dir='ltr'>klasa.</span> <span class='ocrx_word' id='word_1_253' title='bbox 795 4083 898 4141; x_wconf 89' lang='lat' dir='ltr'>Philol.</span> <span class='ocrx_word' id='word_1_254' title='bbox 933 4082 1038 4158; x_wconf 85' lang='lat' dir='ltr'>Suppl.</span> <span class='ocrx_word' id='word_1_255' title='bbox 1062 4080 1113 4150; x_wconf 87' lang='grc'>22,</span> <span class='ocrx_word' id='word_1_256' title='bbox 1139 4079 1223 4142; x_wconf 87' lang='grc'>1896</span> <span class='ocrx_word' id='word_1_257' title='bbox 1247 4099 1277 4156; x_wconf 83' lang='grc' dir='ltr'>ρ.</span> 
     </span>
     <span class='ocr_line' id='line_1_35' title="bbox 176 4174 192 4216; baseline 0 0"><span class='ocrx_word' id='word_1_258' title='bbox 176 4174 192 4216; x_wconf 81' lang='grc' dir='ltr'><strong><em>ι</em></strong></span> 
     </span>
     <span class='ocr_line' id='line_1_36' title="bbox 106 4173 933 4342; baseline -0.002 -21"><span class='ocrx_word' id='word_1_259' title='bbox 106 4173 174 4235; x_wconf 71' lang='lat' dir='ltr'><em>m</em></span> <span class='ocrx_word' id='word_1_260' title='bbox 191 4217 241 4342; x_wconf 44' lang='lat'>⁸²)</span> <span class='ocrx_word' id='word_1_261' title='bbox 265 4261 397 4322; x_wconf 83' lang='lat' dir='ltr'>Lucretii</span> <span class='ocrx_word' id='word_1_262' title='bbox 420 4263 497 4320; x_wconf 88' lang='lat' dir='ltr'>liber</span> <span class='ocrx_word' id='word_1_263' title='bbox 519 4260 561 4319; x_wconf 88' lang='lat'>111</span> <span class='ocrx_word' id='word_1_264' title='bbox 584 4260 783 4321; x_wconf 82' lang='lat' dir='ltr'>Kommentar</span> <span class='ocrx_word' id='word_1_265' title='bbox 805 4279 835 4337; x_wconf 86' lang='lat' dir='ltr'>p.</span> <span class='ocrx_word' id='word_1_266' title='bbox 861 4259 933 4321; x_wconf 80' lang='lat'>154.</span> 
     </span>
    </p>
   </div>
   <div class='ocr_carea' id='block_1_5' title="bbox 1168 4377 1203 4436">
    <p class='ocr_par' dir='ltr' id='par_1_8' title="bbox 1168 4377 1203 4436">
     <span class='ocr_line' id='line_1_37' title="bbox 1168 4377 1203 4436; baseline 0 0"><span class='ocrx_word' id='word_1_267' title='bbox 1168 4377 1203 4436; x_wconf 68' lang='lat'>2*</span> 
     </span>
    </p>
   </div>
   <div class='ocr_carea' id='block_1_6' title="bbox 0 0 1564 4958">
    <p class='ocr_par' dir='ltr' id='par_1_9' title="bbox 0 0 1564 4958">
     <span class='ocr_line' id='line_1_38' title="bbox 0 0 1564 4958; baseline 0 0"><span class='ocrx_word' id='word_1_268' title='bbox 0 0 1564 4958; x_wconf 95' lang='lat' dir='ltr'> </span> 
     </span>
    </p>
   </div>
  </div>
 </body>
</html>
