<?xml version="1.0" encoding="UTF-8"?>
<!DOCTYPE html PUBLIC "-//W3C//DTD XHTML 1.0 Transitional//EN"
    "http://www.w3.org/TR/xhtml1/DTD/xhtml1-transitional.dtd">
<html xmlns="http://www.w3.org/1999/xhtml" xml:lang="en" lang="en">
 <head>
  <title>
</title>
<meta http-equiv="Content-Type" content="text/html;charset=utf-8" />
  <meta name='ocr-system' content='tesseract 3.04.00' />
  <meta name='ocr-capabilities' content='ocr_page ocr_carea ocr_par ocr_line ocrx_word'/>
</head>
<body>
  <div class='ocr_page' id='page_1' title='image "./deflaviiiosephi01wolfgoog_0027.png"; bbox 0 0 3120 4958; ppageno 0'>
   <div class='ocr_carea' id='block_1_1' title="bbox 656 361 875 426">
    <p class='ocr_par' dir='ltr' id='par_1_1' title="bbox 656 361 875 426">
     <span class='ocr_line' id='line_1_1' title="bbox 656 361 875 426; baseline 0.005 -16"><span class='ocrx_word' id='word_1_1' title='bbox 656 361 875 426; x_wconf 75' lang='lat'>..20-</span> 
     </span>
    </p>
   </div>
   <div class='ocr_carea' id='block_1_2' title="bbox 185 573 1363 768">
    <p class='ocr_par' dir='ltr' id='par_1_2' title="bbox 185 573 1363 768">
     <span class='ocr_line' id='line_1_2' title="bbox 294 573 1363 661; baseline -0.002 -19"><span class='ocrx_word' id='word_1_2' title='bbox 294 573 328 642; x_wconf 85' lang='lat' dir='ltr'>C.</span> <span class='ocrx_word' id='word_1_3' title='bbox 352 576 406 641; x_wconf 86' lang='grc' dir='ltr'>καί</span> <span class='ocrx_word' id='word_1_4' title='bbox 428 576 468 643; x_wconf 82' lang='grc' dir='ltr'>σὺ</span> <span class='ocrx_word' id='word_1_5' title='bbox 490 579 530 641; x_wconf 86' lang='grc' dir='ltr'>ἀν</span> <span class='ocrx_word' id='word_1_6' title='bbox 552 582 619 641; x_wconf 86' lang='grc' dir='ltr'>τῶν</span> <span class='ocrx_word' id='word_1_7' title='bbox 641 585 758 642; x_wconf 84' lang='grc' dir='ltr'><strong><em>σανιοῦ</em></strong></span> <span class='ocrx_word' id='word_1_8' title='bbox 778 578 955 661; x_wconf 79' lang='grc' dir='ltr'><em>κτημάτων</em></span> <span class='ocrx_word' id='word_1_9' title='bbox 978 578 1031 642; x_wconf 79' lang='grc' dir='ltr'><strong><em>εἴτι</em></strong></span> <span class='ocrx_word' id='word_1_10' title='bbox 1054 573 1147 640; x_wconf 75' lang='grc' dir='ltr'><strong><em>ἑαυτὸ</em></strong></span> <span class='ocrx_word' id='word_1_11' title='bbox 1163 573 1363 640; x_wconf 83' lang='grc' dir='ltr'><strong><em>ἀποκτινύσι</em></strong></span> 
     </span>
     <span class='ocr_line' id='line_1_3' title="bbox 185 679 1361 768; baseline -0.004 -18"><span class='ocrx_word' id='word_1_12' title='bbox 185 685 231 768; x_wconf 82' lang='grc' dir='ltr'>μή</span> <span class='ocrx_word' id='word_1_13' title='bbox 248 685 451 768; x_wconf 82' lang='grc' dir='ltr'><strong><em>σημήναντος</em></strong></span> <span class='ocrx_word' id='word_1_14' title='bbox 474 685 519 748; x_wconf 82' lang='grc' dir='ltr'>ὅτι</span> <span class='ocrx_word' id='word_1_15' title='bbox 541 684 649 768; x_wconf 49' lang='grc' dir='ltr'><strong><em>βούλει</em></strong></span> <span class='ocrx_word' id='word_1_16' title='bbox 672 685 754 750; x_wconf 79' lang='grc' dir='ltr'><strong><em>αὐτὸ</em></strong></span> <span class='ocrx_word' id='word_1_17' title='bbox 769 686 918 750; x_wconf 75' lang='grc' dir='ltr'><strong><em>τεθνάναι</em></strong></span> <span class='ocrx_word' id='word_1_18' title='bbox 934 679 1131 767; x_wconf 80' lang='grc' dir='ltr'><strong><em>χαλεπαίνεις</em></strong></span> <span class='ocrx_word' id='word_1_19' title='bbox 1146 685 1185 745; x_wconf 88' lang='grc' dir='ltr'>ἀν</span> <span class='ocrx_word' id='word_1_20' title='bbox 1200 690 1247 765; x_wconf 77' lang='grc' dir='ltr'>τῷ</span> <span class='ocrx_word' id='word_1_21' title='bbox 1263 684 1361 766; x_wconf 76' lang='grc' dir='ltr'><strong><em>αὐτῷ.</em></strong></span> 
     </span>
    </p>
   </div>
   <div class='ocr_carea' id='block_1_3' title="bbox 187 804 1364 1218">
    <p class='ocr_par' dir='ltr' id='par_1_3' title="bbox 293 804 1199 895">
     <span class='ocr_line' id='line_1_4' title="bbox 293 804 1199 895; baseline -0.001 -22"><span class='ocrx_word' id='word_1_22' title='bbox 293 811 325 873; x_wconf 80' lang='grc' dir='ltr'>σί</span> <span class='ocrx_word' id='word_1_23' title='bbox 350 809 482 888; x_wconf 73' lang='grc' dir='ltr'>ἐξιόντες</span> <span class='ocrx_word' id='word_1_24' title='bbox 507 816 563 875; x_wconf 84' lang='grc' dir='ltr'>τσῦ</span> <span class='ocrx_word' id='word_1_25' title='bbox 585 811 656 894; x_wconf 85' lang='grc' dir='ltr'><strong><em>βίον</em></strong></span> <span class='ocrx_word' id='word_1_26' title='bbox 678 807 797 877; x_wconf 87' lang='lat' dir='ltr'>Stoica</span> <span class='ocrx_word' id='word_1_27' title='bbox 820 819 857 876; x_wconf 91' lang='lat' dir='ltr'>et</span> <span class='ocrx_word' id='word_1_28' title='bbox 879 804 1058 895; x_wconf 89' lang='lat' dir='ltr'>popularis</span> <span class='ocrx_word' id='word_1_29' title='bbox 1082 805 1199 889; x_wconf 85' lang='lat' dir='ltr'>dictio,</span> 
     </span>
    </p>

    <p class='ocr_par' dir='ltr' id='par_1_4' title="bbox 187 913 1364 1218">
     <span class='ocr_line' id='line_1_5' title="bbox 294 913 1364 1000; baseline 0 -20"><span class='ocrx_word' id='word_1_30' title='bbox 294 916 338 981; x_wconf 89' lang='lat' dir='ltr'>de</span> <span class='ocrx_word' id='word_1_31' title='bbox 371 913 552 982; x_wconf 88' lang='lat' dir='ltr'>vocabulis</span> <span class='ocrx_word' id='word_1_32' title='bbox 586 919 680 1000; x_wconf 85' lang='grc' dir='ltr'><em>χρέος</em></span> <span class='ocrx_word' id='word_1_33' title='bbox 713 926 750 983; x_wconf 88' lang='lat' dir='ltr'>et</span> <span class='ocrx_word' id='word_1_34' title='bbox 782 917 1039 1000; x_wconf 65' lang='grc' dir='ltr'><strong><em>παρακαταθήκη</em></strong></span> <span class='ocrx_word' id='word_1_35' title='bbox 1074 934 1164 999; x_wconf 86' lang='lat' dir='ltr'>quae</span> <span class='ocrx_word' id='word_1_36' title='bbox 1200 914 1244 979; x_wconf 86' lang='lat' dir='ltr'>ad</span> <span class='ocrx_word' id='word_1_37' title='bbox 1281 935 1364 980; x_wconf 91' lang='lat' dir='ltr'>con·</span> 
     </span>
     <span class='ocr_line' id='line_1_6' title="bbox 189 1019 1363 1110; baseline -0.003 -20"><span class='ocrx_word' id='word_1_38' title='bbox 189 1021 332 1090; x_wconf 86' lang='lat' dir='ltr'>trariam</span> <span class='ocrx_word' id='word_1_39' title='bbox 363 1043 437 1089; x_wconf 91' lang='lat' dir='ltr'>rem</span> <span class='ocrx_word' id='word_1_40' title='bbox 470 1023 766 1110; x_wconf 89' lang='lat' dir='ltr'>comprobandam</span> <span class='ocrx_word' id='word_1_41' title='bbox 797 1021 977 1090; x_wconf 87' lang='lat' dir='ltr'><strong>adhibitae</strong></span> <span class='ocrx_word' id='word_1_42' title='bbox 1006 1044 1027 1087; x_wconf 95' lang='lat' dir='ltr'>e</span> <span class='ocrx_word' id='word_1_43' title='bbox 1059 1019 1363 1088; x_wconf 85' lang='lat' dir='ltr'>consolationibus</span> 
     </span>
     <span class='ocr_line' id='line_1_7' title="bbox 187 1129 778 1218; baseline -0.002 -21"><span class='ocrx_word' id='word_1_44' title='bbox 187 1139 273 1197; x_wconf 88' lang='lat' dir='ltr'>sunt</span> <span class='ocrx_word' id='word_1_45' title='bbox 295 1140 465 1218; x_wconf 82' lang='lat' dir='ltr'>sumptae,</span> <span class='ocrx_word' id='word_1_46' title='bbox 490 1131 647 1196; x_wconf 80' lang='lat' dir='ltr'>conferas</span> <span class='ocrx_word' id='word_1_47' title='bbox 670 1129 778 1198; x_wconf 92' lang='lat' dir='ltr'>velim</span> 
     </span>
    </p>
   </div>
   <div class='ocr_carea' id='block_1_4' title="bbox 186 1253 1363 1557">
    <p class='ocr_par' dir='ltr' id='par_1_5' title="bbox 186 1253 1363 1557">
     <span class='ocr_line' id='line_1_8' title="bbox 294 1253 1361 1343; baseline 0 -21"><span class='ocrx_word' id='word_1_48' title='bbox 294 1253 478 1322; x_wconf 87' lang='lat' dir='ltr'>Philonem</span> <span class='ocrx_word' id='word_1_49' title='bbox 504 1255 547 1321; x_wconf 96' lang='lat' dir='ltr'>de</span> <span class='ocrx_word' id='word_1_50' title='bbox 571 1255 650 1321; x_wconf 82' lang='lat' dir='ltr'>Abr.</span> <span class='ocrx_word' id='word_1_51' title='bbox 668 1259 741 1320; x_wconf 81' lang='lat'><strong>259.</strong></span> <span class='ocrx_word' id='word_1_52' title='bbox 776 1257 925 1343; x_wconf 85' lang='grc' dir='ltr'><strong><em>καθάπερ</em></strong></span> <span class='ocrx_word' id='word_1_53' title='bbox 960 1256 994 1321; x_wconf 83' lang='grc' dir='ltr'>δὲ</span> <span class='ocrx_word' id='word_1_54' title='bbox 1028 1256 1134 1327; x_wconf 80' lang='grc' dir='ltr'><strong><em>οὐδείς</em></strong></span> <span class='ocrx_word' id='word_1_55' title='bbox 1160 1258 1200 1320; x_wconf 80' lang='grc' dir='ltr'>ἂν</span> <span class='ocrx_word' id='word_1_56' title='bbox 1222 1257 1361 1340; x_wconf 75' lang='grc' dir='ltr'><strong><em>ἄχθοιτο</em></strong></span> 
     </span>
     <span class='ocr_line' id='line_1_9' title="bbox 186 1356 1363 1452; baseline -0.002 -24"><span class='ocrx_word' id='word_1_57' title='bbox 186 1369 251 1428; x_wconf 82' lang='grc' dir='ltr'>τῶν</span> <span class='ocrx_word' id='word_1_58' title='bbox 284 1365 420 1449; x_wconf 73' lang='grc' dir='ltr'><strong><em>μετρίων</em></strong></span> <span class='ocrx_word' id='word_1_59' title='bbox 451 1356 590 1452; x_wconf 79' lang='grc' dir='ltr'><strong><em>χρέοςή</em></strong></span> <span class='ocrx_word' id='word_1_60' title='bbox 617 1365 899 1448; x_wconf 66' lang='grc' dir='ltr'><strong><em>παρακαταθήκην</em></strong></span> <span class='ocrx_word' id='word_1_61' title='bbox 931 1364 1087 1429; x_wconf 82' lang='grc' dir='ltr'><strong><em>ἀποτίνων</em></strong></span> <span class='ocrx_word' id='word_1_62' title='bbox 1117 1368 1164 1450; x_wconf 79' lang='grc' dir='ltr'>τῷ</span> <span class='ocrx_word' id='word_1_63' title='bbox 1191 1366 1363 1449; x_wconf 71' lang='grc' dir='ltr'><strong><em>προεμένῳ</em></strong></span> 
     </span>
     <span class='ocr_line' id='line_1_10' title="bbox 192 1467 1309 1557; baseline 0 -22"><span class='ocrx_word' id='word_1_64' title='bbox 192 1470 412 1557; x_wconf 88' lang='lat' dir='ltr'>(Wendland,</span> <span class='ocrx_word' id='word_1_65' title='bbox 437 1468 538 1535; x_wconf 91' lang='lat' dir='ltr'>Philo</span> <span class='ocrx_word' id='word_1_66' title='bbox 562 1469 634 1534; x_wconf 92' lang='lat' dir='ltr'>und</span> <span class='ocrx_word' id='word_1_67' title='bbox 659 1468 716 1535; x_wconf 94' lang='lat' dir='ltr'>die</span> <span class='ocrx_word' id='word_1_68' title='bbox 738 1468 991 1554; x_wconf 90' lang='lat' dir='ltr'>kyn.·stoische</span> <span class='ocrx_word' id='word_1_69' title='bbox 1014 1467 1174 1536; x_wconf 88' lang='lat' dir='ltr'>Diatribe</span> <span class='ocrx_word' id='word_1_70' title='bbox 1196 1491 1227 1555; x_wconf 93' lang='lat' dir='ltr'>p.</span> <span class='ocrx_word' id='word_1_71' title='bbox 1245 1468 1309 1557; x_wconf 88' lang='grc'>59).</span> 
     </span>
    </p>
   </div>
   <div class='ocr_carea' id='block_1_5' title="bbox 186 1593 1363 2363">
    <p class='ocr_par' dir='ltr' id='par_1_6' title="bbox 187 1593 1363 1898">
     <span class='ocr_line' id='line_1_11' title="bbox 298 1593 1363 1681; baseline -0.001 -21"><span class='ocrx_word' id='word_1_72' title='bbox 298 1595 471 1661; x_wconf 87' lang='lat' dir='ltr'><strong>Plutarch.</strong></span> <span class='ocrx_word' id='word_1_73' title='bbox 501 1593 694 1661; x_wconf 85' lang='lat' dir='ltr'>consolatio</span> <span class='ocrx_word' id='word_1_74' title='bbox 727 1595 771 1660; x_wconf 92' lang='lat' dir='ltr'>ad</span> <span class='ocrx_word' id='word_1_75' title='bbox 802 1593 913 1681; x_wconf 90' lang='lat' dir='ltr'>Apoll.</span> <span class='ocrx_word' id='word_1_76' title='bbox 942 1597 1004 1658; x_wconf 87' lang='grc'>116</span> <span class='ocrx_word' id='word_1_77' title='bbox 1034 1596 1072 1660; x_wconf 89' lang='grc' dir='ltr'>Α.</span> <span class='ocrx_word' id='word_1_78' title='bbox 1107 1597 1276 1662; x_wconf 75' lang='grc' dir='ltr'><strong><em>ἐπελάθου</em></strong></span> <span class='ocrx_word' id='word_1_79' title='bbox 1310 1596 1363 1661; x_wconf 84' lang='grc' dir='ltr'>ὅτι</span> 
     </span>
     <span class='ocr_line' id='line_1_12' title="bbox 188 1702 1361 1790; baseline 0.002 -24"><span class='ocrx_word' id='word_1_80' title='bbox 188 1705 277 1768; x_wconf 80' lang='grc' dir='ltr'><strong><em>ταῦτ’</em></strong></span> <span class='ocrx_word' id='word_1_81' title='bbox 303 1703 415 1786; x_wconf 79' lang='grc' dir='ltr'><strong><em>ἔλαβες</em></strong></span> <span class='ocrx_word' id='word_1_82' title='bbox 442 1705 492 1767; x_wconf 74' lang='grc' dir='ltr'><strong><em>ἐπί</em></strong></span> <span class='ocrx_word' id='word_1_83' title='bbox 525 1706 571 1790; x_wconf 72' lang='grc' dir='ltr'><strong><em>τη]</em></strong></span> <span class='ocrx_word' id='word_1_84' title='bbox 606 1704 782 1767; x_wconf 87' lang='grc' dir='ltr'><strong><em>ἀποδοῦναι</em></strong></span> <span class='ocrx_word' id='word_1_85' title='bbox 806 1753 812 1766; x_wconf 89' lang='grc'><strong>.</strong></span> <span class='ocrx_word' id='word_1_86' title='bbox 841 1753 856 1784; x_wconf 84' lang='grc'>.,</span> <span class='ocrx_word' id='word_1_87' title='bbox 882 1705 996 1786; x_wconf 81' lang='grc' dir='ltr'><strong><em>ἔχομεν</em></strong></span> <span class='ocrx_word' id='word_1_88' title='bbox 1019 1702 1079 1786; x_wconf 85' lang='grc' dir='ltr'><strong><em>γὰρ</em></strong></span> <span class='ocrx_word' id='word_1_89' title='bbox 1103 1703 1138 1767; x_wconf 87' lang='grc' dir='ltr'>τὸ</span> <span class='ocrx_word' id='word_1_90' title='bbox 1162 1705 1219 1786; x_wconf 83' lang='grc' dir='ltr'>ζῆν</span> <span class='ocrx_word' id='word_1_91' title='bbox 1247 1704 1361 1786; x_wconf 81' lang='grc' dir='ltr'><strong><em>ὥσπερ</em></strong></span> 
     </span>
     <span class='ocr_line' id='line_1_13' title="bbox 187 1805 848 1898; baseline 0 -25"><span class='ocrx_word' id='word_1_92' title='bbox 187 1805 513 1898; x_wconf 76' lang='grc' dir='ltr'><strong><em>παρακαταθεμένοις</em></strong></span> <span class='ocrx_word' id='word_1_93' title='bbox 534 1810 622 1881; x_wconf 84' lang='grc' dir='ltr'><strong><em>θεοῖς</em></strong></span> <span class='ocrx_word' id='word_1_94' title='bbox 644 1811 679 1883; x_wconf 82' lang='grc' dir='ltr'>ἐξ</span> <span class='ocrx_word' id='word_1_95' title='bbox 701 1811 848 1893; x_wconf 81' lang='grc' dir='ltr'><strong><em>ἀνάγκης.</em></strong></span> 
     </span>
    </p>

    <p class='ocr_par' dir='ltr' id='par_1_7' title="bbox 186 1923 1361 2130">
     <span class='ocr_line' id='line_1_14' title="bbox 294 1923 1361 2021; baseline 0.002 -23"><span class='ocrx_word' id='word_1_96' title='bbox 294 1935 483 2021; x_wconf 89' lang='lat' dir='ltr'>Antholog.</span> <span class='ocrx_word' id='word_1_97' title='bbox 508 1934 614 2000; x_wconf 79' lang='lat' dir='ltr'>Palat</span> <span class='ocrx_word' id='word_1_98' title='bbox 631 1935 702 2001; x_wconf 93' lang='lat' dir='ltr'>VII</span> <span class='ocrx_word' id='word_1_99' title='bbox 720 1938 792 2000; x_wconf 84' lang='lat'><strong>732.</strong></span> <span class='ocrx_word' id='word_1_100' title='bbox 828 1937 961 2000; x_wconf 79' lang='grc' dir='ltr'><strong><em>ἐκτίσων</em></strong></span> <span class='ocrx_word' id='word_1_101' title='bbox 984 1923 1075 2019; x_wconf 80' lang='grc' dir='ltr'><strong><em>’Λίδη</em></strong></span> <span class='ocrx_word' id='word_1_102' title='bbox 1100 1939 1207 2018; x_wconf 85' lang='grc' dir='ltr'><strong><em>χρεῖος</em></strong></span> <span class='ocrx_word' id='word_1_103' title='bbox 1230 1935 1361 2018; x_wconf 82' lang='grc' dir='ltr'><strong><em>ἀφειλό-</em></strong></span> 
     </span>
     <span class='ocr_line' id='line_1_15' title="bbox 186 2043 319 2130; baseline 0.015 -4"><span class='ocrx_word' id='word_1_104' title='bbox 186 2043 319 2130; x_wconf 52' lang='grc' dir='ltr'>μείονι),</span> 
     </span>
    </p>

    <p class='ocr_par' dir='ltr' id='par_1_8' title="bbox 190 2162 1362 2363">
     <span class='ocr_line' id='line_1_16' title="bbox 296 2162 1362 2254; baseline 0.005 -20"><span class='ocrx_word' id='word_1_105' title='bbox 296 2167 416 2254; x_wconf 85' lang='lat' dir='ltr'>[Plato]</span> <span class='ocrx_word' id='word_1_106' title='bbox 441 2166 622 2234; x_wconf 83' lang='lat' dir='ltr'>Axiochus</span> <span class='ocrx_word' id='word_1_107' title='bbox 658 2170 721 2233; x_wconf 87' lang='lat'>367</span> <span class='ocrx_word' id='word_1_108' title='bbox 739 2170 774 2233; x_wconf 94' lang='lat' dir='ltr'>B.</span> <span class='ocrx_word' id='word_1_109' title='bbox 809 2162 871 2234; x_wconf 75' lang='grc' dir='ltr'>κᾶν</span> <span class='ocrx_word' id='word_1_110' title='bbox 902 2169 948 2254; x_wconf 91' lang='grc' dir='ltr'>μή</span> <span class='ocrx_word' id='word_1_111' title='bbox 971 2194 1015 2240; x_wconf 83' lang='grc' dir='ltr'>τις</span> <span class='ocrx_word' id='word_1_112' title='bbox 1042 2175 1164 2235; x_wconf 75' lang='grc' dir='ltr'><strong><em>θᾶττον</em></strong></span> <span class='ocrx_word' id='word_1_113' title='bbox 1195 2169 1243 2246; x_wconf 85' lang='grc' dir='ltr'>ὡς</span> <span class='ocrx_word' id='word_1_114' title='bbox 1265 2170 1362 2254; x_wconf 83' lang='grc' dir='ltr'><strong><em>χρέος</em></strong></span> 
     </span>
     <span class='ocr_line' id='line_1_17' title="bbox 190 2276 478 2363; baseline 0.003 -24"><span class='ocrx_word' id='word_1_115' title='bbox 190 2276 333 2363; x_wconf 75' lang='grc' dir='ltr'><strong><em>ἀποδιδῷ</em></strong></span> <span class='ocrx_word' id='word_1_116' title='bbox 354 2276 389 2339; x_wconf 90' lang='grc' dir='ltr'>τδ</span> <span class='ocrx_word' id='word_1_117' title='bbox 414 2278 478 2358; x_wconf 83' lang='grc' dir='ltr'><strong><em>ζῆν.</em></strong></span> 
     </span>
    </p>
   </div>
   <div class='ocr_carea' id='block_1_6' title="bbox 187 2399 1362 2595">
    <p class='ocr_par' dir='ltr' id='par_1_9' title="bbox 187 2399 1362 2595">
     <span class='ocr_line' id='line_1_18' title="bbox 293 2399 1362 2484; baseline 0 -20"><span class='ocrx_word' id='word_1_118' title='bbox 293 2399 472 2484; x_wconf 87' lang='lat' dir='ltr'>Josephus</span> <span class='ocrx_word' id='word_1_119' title='bbox 507 2401 557 2466; x_wconf 91' lang='lat' dir='ltr'>VI</span> <span class='ocrx_word' id='word_1_120' title='bbox 593 2403 643 2464; x_wconf 77' lang='lat'>49.</span> <span class='ocrx_word' id='word_1_121' title='bbox 685 2406 763 2478; x_wconf 83' lang='grc' dir='ltr'><strong><em>πῶς</em></strong></span> <span class='ocrx_word' id='word_1_122' title='bbox 797 2401 856 2466; x_wconf 81' lang='grc' dir='ltr'><strong><em>οὐκ</em></strong></span> <span class='ocrx_word' id='word_1_123' title='bbox 891 2402 1016 2484; x_wconf 80' lang='grc' dir='ltr'><strong><em>ἀγεννὲς</em></strong></span> <span class='ocrx_word' id='word_1_124' title='bbox 1053 2401 1098 2483; x_wconf 86' lang='grc' dir='ltr'>μή</span> <span class='ocrx_word' id='word_1_125' title='bbox 1136 2400 1256 2465; x_wconf 79' lang='grc' dir='ltr'><strong><em>διδόναι</em></strong></span> <span class='ocrx_word' id='word_1_126' title='bbox 1290 2408 1362 2472; x_wconf 90' lang='grc' dir='ltr'><strong><em>ταῖς</em></strong></span> 
     </span>
     <span class='ocr_line' id='line_1_19' title="bbox 187 2508 772 2595; baseline 0 -22"><span class='ocrx_word' id='word_1_127' title='bbox 187 2509 304 2592; x_wconf 80' lang='grc' dir='ltr'><strong><em>χρείαις</em></strong></span> <span class='ocrx_word' id='word_1_128' title='bbox 326 2510 406 2595; x_wconf 72' lang='grc' dir='ltr'><strong><em>δτιῑι</em></strong></span> <span class='ocrx_word' id='word_1_129' title='bbox 425 2508 527 2594; x_wconf 85' lang='grc' dir='ltr'><strong><em>χρεὼν</em></strong></span> <span class='ocrx_word' id='word_1_130' title='bbox 550 2508 772 2591; x_wconf 85' lang='grc' dir='ltr'><strong><em>ἀποδώσομεν.</em></strong></span> 
     </span>
    </p>
   </div>
   <div class='ocr_carea' id='block_1_7' title="bbox 188 2629 1361 2914">
    <p class='ocr_par' dir='ltr' id='par_1_10' title="bbox 188 2629 1361 2914">
     <span class='ocr_line' id='line_1_20' title="bbox 296 2629 1360 2719; baseline 0.003 -22"><span class='ocrx_word' id='word_1_131' title='bbox 296 2629 477 2698; x_wconf 91' lang='lat' dir='ltr'>Mentione</span> <span class='ocrx_word' id='word_1_132' title='bbox 499 2653 639 2718; x_wconf 90' lang='lat' dir='ltr'>quoque</span> <span class='ocrx_word' id='word_1_133' title='bbox 669 2631 818 2718; x_wconf 89' lang='lat' dir='ltr'>dignum</span> <span class='ocrx_word' id='word_1_134' title='bbox 843 2642 904 2715; x_wconf 66' lang='lat' dir='ltr'>est</span> <span class='ocrx_word' id='word_1_135' title='bbox 935 2632 1028 2719; x_wconf 92' lang='lat' dir='ltr'>quod</span> <span class='ocrx_word' id='word_1_136' title='bbox 1051 2632 1229 2719; x_wconf 87' lang='lat' dir='ltr'>Josephus</span> <span class='ocrx_word' id='word_1_137' title='bbox 1260 2632 1360 2699; x_wconf 90' lang='lat' dir='ltr'>illam</span> 
     </span>
     <span class='ocr_line' id='line_1_21' title="bbox 189 2736 1361 2825; baseline 0.001 -20"><span class='ocrx_word' id='word_1_138' title='bbox 189 2736 480 2806; x_wconf 85' lang='lat' dir='ltr'>consuetudinem</span> <span class='ocrx_word' id='word_1_139' title='bbox 525 2740 570 2805; x_wconf 91' lang='lat' dir='ltr'>ab</span> <span class='ocrx_word' id='word_1_140' title='bbox 613 2738 789 2805; x_wconf 88' lang='lat' dir='ltr'>Aeschine</span> <span class='ocrx_word' id='word_1_141' title='bbox 832 2751 1140 2806; x_wconf 88' lang='lat' dir='ltr'>commemoratam</span> <span class='ocrx_word' id='word_1_142' title='bbox 1182 2738 1361 2825; x_wconf 85' lang='lat' dir='ltr'>attingere</span> 
     </span>
     <span class='ocr_line' id='line_1_22' title="bbox 188 2845 331 2914; baseline -0.007 0"><span class='ocrx_word' id='word_1_143' title='bbox 188 2845 331 2914; x_wconf 87' lang='lat' dir='ltr'>videtur</span> 
     </span>
    </p>
   </div>
   <div class='ocr_carea' id='block_1_8' title="bbox 189 2972 1360 3269">
    <p class='ocr_par' dir='ltr' id='par_1_11' title="bbox 189 2972 1360 3269">
     <span class='ocr_line' id='line_1_23' title="bbox 295 2972 1360 3061; baseline 0.003 -25"><span class='ocrx_word' id='word_1_144' title='bbox 295 2973 350 3036; x_wconf 91' lang='grc' dir='ltr'>ΙΙΙ</span> <span class='ocrx_word' id='word_1_145' title='bbox 368 2976 440 3037; x_wconf 91' lang='lat'><strong>377.</strong></span> <span class='ocrx_word' id='word_1_146' title='bbox 475 2980 574 3038; x_wconf 87' lang='grc' dir='ltr'><strong><em>τοῦτο</em></strong></span> <span class='ocrx_word' id='word_1_147' title='bbox 607 2975 773 3056; x_wconf 78' lang='grc' dir='ltr'><strong><em>μεμίσηται</em></strong></span> <span class='ocrx_word' id='word_1_148' title='bbox 806 2972 894 3055; x_wconf 83' lang='grc' dir='ltr'><strong><em>παρὰ</em></strong></span> <span class='ocrx_word' id='word_1_149' title='bbox 928 2983 973 3060; x_wconf 62' lang='lat' dir='ltr'>aq:</span> <span class='ocrx_word' id='word_1_150' title='bbox 1006 2974 1073 3061; x_wconf 75' lang='grc' dir='ltr'>θεῷ</span> <span class='ocrx_word' id='word_1_151' title='bbox 1107 2975 1161 3038; x_wconf 86' lang='grc' dir='ltr'>καί</span> <span class='ocrx_word' id='word_1_152' title='bbox 1193 2974 1281 3056; x_wconf 85' lang='grc' dir='ltr'><strong><em>παρὰ</em></strong></span> <span class='ocrx_word' id='word_1_153' title='bbox 1309 2983 1360 3058; x_wconf 81' lang='grc' dir='ltr'>τῷ</span> 
     </span>
     <span class='ocr_line' id='line_1_24' title="bbox 189 3070 1360 3171; baseline 0 -25"><span class='ocrx_word' id='word_1_154' title='bbox 189 3076 368 3171; x_wconf 74' lang='grc' dir='ltr'><strong><em>σοφωτάτῳ</em></strong></span> <span class='ocrx_word' id='word_1_155' title='bbox 391 3081 556 3155; x_wconf 76' lang='grc' dir='ltr'><strong><em>κολάζεται</em></strong></span> <span class='ocrx_word' id='word_1_156' title='bbox 579 3083 741 3163; x_wconf 77' lang='grc' dir='ltr'><strong><em>νομοθέτῃ</em></strong></span> <span class='ocrx_word' id='word_1_157' title='bbox 765 3127 898 3147; x_wconf 92' lang='grc'><strong>.....</strong></span> <span class='ocrx_word' id='word_1_158' title='bbox 922 3070 998 3165; x_wconf 77' lang='grc' dir='ltr'><strong><em>παρ’</em></strong></span> <span class='ocrx_word' id='word_1_159' title='bbox 1022 3077 1147 3163; x_wconf 73' lang='grc' dir='ltr'><strong><em>ἑτέροις</em></strong></span> <span class='ocrx_word' id='word_1_160' title='bbox 1171 3082 1205 3146; x_wconf 80' lang='grc' dir='ltr'>δὲ</span> <span class='ocrx_word' id='word_1_161' title='bbox 1227 3083 1281 3146; x_wconf 87' lang='grc' dir='ltr'>καί</span> <span class='ocrx_word' id='word_1_162' title='bbox 1303 3083 1360 3154; x_wconf 88' lang='grc' dir='ltr'>τὰς</span> 
     </span>
     <span class='ocr_line' id='line_1_25' title="bbox 190 3188 1117 3269; baseline 0.002 -17"><span class='ocrx_word' id='word_1_163' title='bbox 190 3188 292 3262; x_wconf 79' lang='grc' dir='ltr'><strong><em>δεξιάς</em></strong></span> <span class='ocrx_word' id='word_1_164' title='bbox 314 3193 381 3252; x_wconf 86' lang='grc' dir='ltr'>τῶν</span> <span class='ocrx_word' id='word_1_165' title='bbox 403 3189 557 3253; x_wconf 86' lang='grc' dir='ltr'><strong><em>τοιούτων</em></strong></span> <span class='ocrx_word' id='word_1_166' title='bbox 578 3193 704 3269; x_wconf 85' lang='grc' dir='ltr'><strong><em>νεκρῶν</em></strong></span> <span class='ocrx_word' id='word_1_167' title='bbox 727 3189 923 3252; x_wconf 84' lang='grc' dir='ltr'><strong><em>ἀποκόπτειν</em></strong></span> <span class='ocrx_word' id='word_1_168' title='bbox 946 3189 1117 3254; x_wconf 75' lang='grc' dir='ltr'><strong><em>ἐκέλευσαν.</em></strong></span> 
     </span>
    </p>
   </div>
   <div class='ocr_carea' id='block_1_9' title="bbox 189 3511 1357 4285">
    <p class='ocr_par' dir='ltr' id='par_1_12' title="bbox 189 3511 1357 4285">
     <span class='ocr_line' id='line_1_26' title="bbox 299 3511 1357 3588; baseline 0 -18"><span class='ocrx_word' id='word_1_169' title='bbox 299 3512 321 3587; x_wconf 86' lang='lat'>¹)</span> <span class='ocrx_word' id='word_1_170' title='bbox 346 3513 384 3570; x_wconf 86' lang='lat' dir='ltr'>de</span> <span class='ocrx_word' id='word_1_171' title='bbox 409 3512 591 3570; x_wconf 84' lang='lat' dir='ltr'>carminibus</span> <span class='ocrx_word' id='word_1_172' title='bbox 615 3511 832 3586; x_wconf 82' lang='lat' dir='ltr'>sepulcralibus</span> <span class='ocrx_word' id='word_1_173' title='bbox 856 3511 931 3580; x_wconf 84' lang='lat' dir='ltr'>Lier,</span> <span class='ocrx_word' id='word_1_174' title='bbox 955 3511 1055 3587; x_wconf 80' lang='lat' dir='ltr'>topica</span> <span class='ocrx_word' id='word_1_175' title='bbox 1073 3513 1238 3570; x_wconf 86' lang='lat' dir='ltr'>carminum</span> <span class='ocrx_word' id='word_1_176' title='bbox 1256 3514 1357 3588; x_wconf 82' lang='lat' dir='ltr'>sepul·</span> 
     </span>
     <span class='ocr_line' id='line_1_27' title="bbox 190 3600 1355 3680; baseline 0 -21"><span class='ocrx_word' id='word_1_177' title='bbox 190 3601 324 3670; x_wconf 88' lang='lat' dir='ltr'>cralinm,</span> <span class='ocrx_word' id='word_1_178' title='bbox 348 3602 451 3660; x_wconf 88' lang='lat' dir='ltr'>Philol.</span> <span class='ocrx_word' id='word_1_179' title='bbox 474 3622 500 3659; x_wconf 85' lang='lat' dir='ltr'>v.</span> <span class='ocrx_word' id='word_1_180' title='bbox 523 3601 594 3658; x_wconf 90' lang='lat' dir='ltr'>XVl</span> <span class='ocrx_word' id='word_1_181' title='bbox 617 3621 646 3676; x_wconf 88' lang='lat' dir='ltr'>p.</span> <span class='ocrx_word' id='word_1_182' title='bbox 669 3600 733 3660; x_wconf 83' lang='lat'>577</span> <span class='ocrx_word' id='word_1_183' title='bbox 761 3603 840 3680; x_wconf 81' lang='lat' dir='ltr'>„iam</span> <span class='ocrx_word' id='word_1_184' title='bbox 865 3602 1017 3676; x_wconf 89' lang='lat' dir='ltr'>quaeritur</span> <span class='ocrx_word' id='word_1_185' title='bbox 1040 3621 1092 3660; x_wconf 91' lang='lat' dir='ltr'>cur</span> <span class='ocrx_word' id='word_1_186' title='bbox 1116 3604 1238 3659; x_wconf 80' lang='lat' dir='ltr'>tandem</span> <span class='ocrx_word' id='word_1_187' title='bbox 1260 3604 1355 3660; x_wconf 88' lang='lat' dir='ltr'>homi·</span> 
     </span>
     <span class='ocr_line' id='line_1_28' title="bbox 189 3691 1357 3767; baseline 0 -19"><span class='ocrx_word' id='word_1_188' title='bbox 189 3691 280 3749; x_wconf 79' lang='lat' dir='ltr'>nibus</span> <span class='ocrx_word' id='word_1_189' title='bbox 303 3692 384 3748; x_wconf 87' lang='lat' dir='ltr'>nulla</span> <span class='ocrx_word' id='word_1_190' title='bbox 408 3709 477 3766; x_wconf 79' lang='lat' dir='ltr'>apes</span> <span class='ocrx_word' id='word_1_191' title='bbox 500 3691 538 3748; x_wconf 81' lang='lat' dir='ltr'>ait</span> <span class='ocrx_word' id='word_1_192' title='bbox 560 3691 662 3759; x_wconf 78' lang='lat' dir='ltr'>mortis</span> <span class='ocrx_word' id='word_1_193' title='bbox 687 3691 885 3765; x_wconf 78' lang='lat' dir='ltr'>effugiendae.</span> <span class='ocrx_word' id='word_1_194' title='bbox 935 3699 1036 3766; x_wconf 73' lang='lat' dir='ltr'>Atque</span> <span class='ocrx_word' id='word_1_195' title='bbox 1057 3693 1160 3767; x_wconf 92' lang='lat' dir='ltr'>opinio</span> <span class='ocrx_word' id='word_1_196' title='bbox 1177 3694 1258 3749; x_wconf 88' lang='lat' dir='ltr'>enim</span> <span class='ocrx_word' id='word_1_197' title='bbox 1275 3693 1357 3767; x_wconf 90' lang='lat' dir='ltr'>apud</span> 
     </span>
     <span class='ocr_line' id='line_1_29' title="bbox 189 3779 1357 3856; baseline -0.001 -18"><span class='ocrx_word' id='word_1_198' title='bbox 189 3789 309 3838; x_wconf 82' lang='lat' dir='ltr'>veteres</span> <span class='ocrx_word' id='word_1_199' title='bbox 333 3781 483 3856; x_wconf 82' lang='lat' dir='ltr'>divulgata</span> <span class='ocrx_word' id='word_1_200' title='bbox 506 3779 561 3836; x_wconf 82' lang='lat' dir='ltr'>fuit</span> <span class='ocrx_word' id='word_1_201' title='bbox 585 3780 721 3836; x_wconf 84' lang='lat' dir='ltr'>homines</span> <span class='ocrx_word' id='word_1_202' title='bbox 745 3781 835 3836; x_wconf 89' lang='lat' dir='ltr'>vitam</span> <span class='ocrx_word' id='word_1_203' title='bbox 860 3799 877 3836; x_wconf 92' lang='lat' dir='ltr'>a</span> <span class='ocrx_word' id='word_1_204' title='bbox 901 3791 1007 3836; x_wconf 87' lang='lat' dir='ltr'>natura</span> <span class='ocrx_word' id='word_1_205' title='bbox 1030 3783 1187 3856; x_wconf 88' lang='lat' dir='ltr'>accepisse</span> <span class='ocrx_word' id='word_1_206' title='bbox 1211 3800 1270 3839; x_wconf 88' lang='lat' dir='ltr'>non</span> <span class='ocrx_word' id='word_1_207' title='bbox 1288 3800 1357 3856; x_wconf 92' lang='lat' dir='ltr'>pro·</span> 
     </span>
     <span class='ocr_line' id='line_1_30' title="bbox 189 3869 1357 3945; baseline 0.001 -18"><span class='ocrx_word' id='word_1_208' title='bbox 189 3870 286 3945; x_wconf 85' lang='lat' dir='ltr'>priam</span> <span class='ocrx_word' id='word_1_209' title='bbox 317 3870 370 3927; x_wconf 91' lang='lat' dir='ltr'>sed</span> <span class='ocrx_word' id='word_1_210' title='bbox 399 3879 548 3935; x_wconf 87' lang='lat' dir='ltr'>mutuam;</span> <span class='ocrx_word' id='word_1_211' title='bbox 580 3869 651 3924; x_wconf 91' lang='lat' dir='ltr'>nihil</span> <span class='ocrx_word' id='word_1_212' title='bbox 680 3869 734 3925; x_wconf 84' lang='lat' dir='ltr'>nisi</span> <span class='ocrx_word' id='word_1_213' title='bbox 758 3870 836 3926; x_wconf 87' lang='lat' dir='ltr'>vitae</span> <span class='ocrx_word' id='word_1_214' title='bbox 860 3889 946 3927; x_wconf 83' lang='lat' dir='ltr'>usum</span> <span class='ocrx_word' id='word_1_215' title='bbox 970 3869 1160 3945; x_wconf 83' lang='lat' dir='ltr'>fructumque</span> <span class='ocrx_word' id='word_1_216' title='bbox 1185 3871 1357 3928; x_wconf 88' lang='lat' dir='ltr'>hominibus</span> 
     </span>
     <span class='ocr_line' id='line_1_31' title="bbox 190 3958 1356 4035; baseline -0.001 -18"><span class='ocrx_word' id='word_1_217' title='bbox 190 3977 257 4017; x_wconf 84' lang='lat' dir='ltr'>ease</span> <span class='ocrx_word' id='word_1_218' title='bbox 292 3960 405 4017; x_wconf 86' lang='lat' dir='ltr'>datum.</span> <span class='ocrx_word' id='word_1_219' title='bbox 453 3958 523 4026; x_wconf 90' lang='lat' dir='ltr'>Qua</span> <span class='ocrx_word' id='word_1_220' title='bbox 551 3976 583 4015; x_wconf 90' lang='lat' dir='ltr'>re</span> <span class='ocrx_word' id='word_1_221' title='bbox 612 3958 747 4015; x_wconf 89' lang='lat' dir='ltr'>debitum</span> <span class='ocrx_word' id='word_1_222' title='bbox 776 3977 875 4033; x_wconf 88' lang='lat' dir='ltr'>aequo</span> <span class='ocrx_word' id='word_1_223' title='bbox 907 3960 1008 4017; x_wconf 90' lang='lat' dir='ltr'>animo</span> <span class='ocrx_word' id='word_1_224' title='bbox 1032 3959 1263 4035; x_wconf 82' lang='lat' dir='ltr'>persolvendum</span> <span class='ocrx_word' id='word_1_225' title='bbox 1288 3978 1356 4017; x_wconf 85' lang='lat' dir='ltr'>esse</span> 
     </span>
     <span class='ocr_line' id='line_1_32' title="bbox 191 4047 1357 4124; baseline 0 -18"><span class='ocrx_word' id='word_1_226' title='bbox 191 4048 241 4106; x_wconf 89' lang='lat' dir='ltr'>ubi</span> <span class='ocrx_word' id='word_1_227' title='bbox 266 4047 396 4105; x_wconf 85' lang='lat' dir='ltr'>creditor</span> <span class='ocrx_word' id='word_1_228' title='bbox 418 4057 579 4122; x_wconf 85' lang='lat' dir='ltr'>repeteret.</span> <span class='ocrx_word' id='word_1_229' title='bbox 633 4047 720 4103; x_wconf 88' lang='lat' dir='ltr'>Haec</span> <span class='ocrx_word' id='word_1_230' title='bbox 744 4049 893 4105; x_wconf 82' lang='lat' dir='ltr'>sententia</span> <span class='ocrx_word' id='word_1_231' title='bbox 917 4050 1006 4105; x_wconf 86' lang='lat' dir='ltr'>vitam</span> <span class='ocrx_word' id='word_1_232' title='bbox 1031 4067 1099 4106; x_wconf 86' lang='lat' dir='ltr'>esse</span> <span class='ocrx_word' id='word_1_233' title='bbox 1123 4050 1276 4124; x_wconf 88' lang='lat' dir='ltr'>quoddam</span> <span class='ocrx_word' id='word_1_234' title='bbox 1303 4049 1357 4106; x_wconf 90' lang='lat' dir='ltr'>de-</span> 
     </span>
     <span class='ocr_line' id='line_1_33' title="bbox 190 4137 1356 4212; baseline 0.002 -18"><span class='ocrx_word' id='word_1_235' title='bbox 190 4138 287 4194; x_wconf 89' lang='lat' dir='ltr'>bitum</span> <span class='ocrx_word' id='word_1_236' title='bbox 323 4137 476 4212; x_wconf 89' lang='lat' dir='ltr'>quoddam</span> <span class='ocrx_word' id='word_1_237' title='bbox 512 4155 529 4193; x_wconf 89' lang='lat' dir='ltr'>a</span> <span class='ocrx_word' id='word_1_238' title='bbox 558 4150 662 4192; x_wconf 84' lang='lat' dir='ltr'>natura</span> <span class='ocrx_word' id='word_1_239' title='bbox 690 4149 826 4193; x_wconf 90' lang='lat' dir='ltr'>mutuum</span> <span class='ocrx_word' id='word_1_240' title='bbox 855 4140 967 4199; x_wconf 79' lang='lat' dir='ltr'>datum.</span> <span class='ocrx_word' id='word_1_241' title='bbox 990 4138 1020 4194; x_wconf 90' lang='lat' dir='ltr'>in</span> <span class='ocrx_word' id='word_1_242' title='bbox 1044 4139 1136 4196; x_wconf 77' lang='lat' dir='ltr'>titulis</span> <span class='ocrx_word' id='word_1_243' title='bbox 1160 4137 1272 4194; x_wconf 82' lang='lat' dir='ltr'>Latinis</span> <span class='ocrx_word' id='word_1_244' title='bbox 1296 4139 1356 4196; x_wconf 89' lang='lat' dir='ltr'>loci</span> 
     </span>
     <span class='ocr_line' id='line_1_34' title="bbox 190 4225 609 4285; baseline 0 0"><span class='ocrx_word' id='word_1_245' title='bbox 190 4226 359 4285; x_wconf 86' lang='lat' dir='ltr'>commonia</span> <span class='ocrx_word' id='word_1_246' title='bbox 381 4225 441 4283; x_wconf 81' lang='lat' dir='ltr'>vim</span> <span class='ocrx_word' id='word_1_247' title='bbox 465 4225 609 4285; x_wconf 76' lang='lat' dir='ltr'>obtinet⁴⁴</span> 
     </span>
    </p>
   </div>
   <div class='ocr_carea' id='block_1_10' title="bbox 0 0 1568 4958">
    <p class='ocr_par' dir='ltr' id='par_1_13' title="bbox 0 0 1568 4958">
     <span class='ocr_line' id='line_1_35' title="bbox 0 0 1568 4958; baseline 0 0"><span class='ocrx_word' id='word_1_248' title='bbox 0 0 1568 4958; x_wconf 95' lang='lat' dir='ltr'> </span> 
     </span>
    </p>
   </div>
  </div>
 </body>
</html>
