3120 4958
599 342 820 404 ,69-

118 552 314 635 περιβαλεῖν
358 551 472 622 αὐτοὺς
509 559 581 630 ταῖς
618 556 784 635 μεγίσταις
821 560 1003 637 συμφοραῖς
1041 551 1303 639 ὁμολογούμενόν

118 655 207 723 έστιν
240 667 305 722 τών
337 659 528 740 πασχόντων
561 660 747 744 ἁμάρτημα.
795 661 848 726 διὸ
882 662 935 726 καί
968 668 1036 733 τοῖς
1061 662 1121 744 μέν
1144 663 1180 726 ἐκ
1203 658 1303 746 ττίχης

122 762 307 831 πταίουσιν
329 761 422 842 ἔλεος
444 766 560 830 ἕπεται
582 767 660 849 μετὰ
685 771 878 850 συγγνώμης
892 769 1091 852 κάπικουρία,
1117 776 1183 839 τοῖς
1199 770 1234 833 δὲ
1250 769 1301 834 διό

118 871 180 955 τὴν
214 873 323 935 αὐταῖν
357 868 512 955 ἀβουλίαν
536 873 659 944 ὄνειδος
680 875 891 958 κάπιτίμησις
914 876 1188 949 συνεξακολουθεῖ
1208 875 1301 959 παρὰ

121 984 189 1049 τοῖς
212 977 248 1043 εὖ
271 978 469 1063 φρονοῦσιν.)

301 1171 349 1236 de
373 1170 496 1236 rebus
521 1170 839 1259 virtutibusque
862 1171 1128 1239 militaribus.

233 1298 267 1360 II
285 1299 394 1362 35516.
430 1299 449 1379 ἡ
474 1298 535 1379 γὰρ
558 1302 662 1384 πεῖρα
684 1307 742 1381 τῆς
764 1300 907 1369 δουλείας
929 1300 1057 1382 χαλεπή,
1080 1300 1135 1364 καί
1157 1301 1225 1384 περί
1245 1307 1301 1364 τοῦ

120 1404 208 1488 μηδὲ
229 1402 391 1488 ἄρξασθαι
423 1400 542 1486 ταύτης
573 1406 592 1468 ό
625 1406 713 1487 ἀγὼν
737 1407 871 1476 δίκαιος.
919 1407 937 1469 ὁ
966 1395 995 1469 δ’
1012 1408 1107 1479 ἅπαξ
1129 1407 1301 1488 χειρωθείς

122 1513 239 1575 ἔπειτα
262 1507 483 1597 ἀφιστάμενος
506 1507 676 1594 αὐθάδης·
709 1513 822 1583 δοῦλός
845 1514 930 1577 ἐστιν
954 1514 992 1577 οὐ
1015 1509 1243 1599 φιλελείθερος
1265 1538 1301 1570 ω

123 1618 160 1683 V
175 1619 248 1681 365.

232 1725 377 1788 111149.
414 1725 590 1807 οὐδὲνγὰρ
614 1721 756 1808 ἀνάγκης
780 1724 814 1789 ἐν
836 1725 968 1813 πολέμῳ
990 1728 1230 1812 μαχιμώτερον.

233 1832 378 1896 111209.
415 1833 509 1897 οὐδὲν
543 1832 601 1917 γὰρ
630 1833 846 1915 ἀλκιμώτερον
882 1834 961 1898 εἶναι
996 1841 1054 1916 τῆς
1083 1835 1301 1915 ἀπογνώσεως

121 1964 160 1995 ω
185 1938 239 2001 ΙΙΙ
257 1941 329 2002 271.

232 2045 267 2109 ΙΙ
285 2047 358 2109 582.
395 2046 596 2111 διοικεῖσθαι
619 2046 677 2130 γὰρ
701 2042 855 2111 κάλλιστα
877 2046 952 2116 τοὺς
975 2047 1143 2129 πολέμους
1162 2035 1238 2130 παρ’
1254 2047 1301 2118 οἱς

122 2154 165 2215 ἂν
187 2152 316 2233 ἀγαθόν
348 2153 387 2217 τὸ
422 2152 572 2230 συνειδὸς
594 2155 712 2235 ἔχωσιν
737 2149 859 2230 πάντες
883 2155 914 2217 σί
936 2154 1189 2234 στρατευόμενοι,
1223 2153 1301 2224 τοὺς

124 2257 161 2322 δὲ
183 2260 311 2322 οἴκοθεν
333 2255 476 2341 φαύλους
499 2261 538 2324 οὐ
558 2260 662 2342 μόνον
683 2267 746 2336 τοῖς
770 2261 916 2324 ἐπιοῦσιν
939 2261 1067 2342 ἐχθροῖς
1091 2260 1170 2323 ἀλλὰ
1186 2260 1301 2343 καὶτῷ

121 2365 198 2447 θεῷ
219 2366 361 2448 χρῆσθαι
383 2367 537 2448 πολεμίῳ.

232 2473 378 2536 111204.
413 2473 512 2536 καλὸν
534 2470 680 2537 εὐκλείαν
703 2460 1049 2554 ἀντικαταλλαξάμενον
1075 2479 1130 2538 τοῦ
1153 2475 1225 2554 βίου
1247 2474 1301 2539 καλ

122 2574 283 2660 δράσαντά
306 2603 339 2644 τι
362 2586 505 2660 γενναῖον
527 2576 573 2650 εἰς
594 2583 725 2662 μνήμην
748 2581 909 2662 ὀψιγενῶν
933 2587 1053 2644 πεσεῖν.

235 2687 266 2750 V
281 2688 330 2749 79.
365 2687 497 2768 μάλιστα
533 2686 567 2750 δέ
588 2687 661 2756 τοὺς
684 2688 718 2749 ἐν
740 2688 806 2750 ἔθει
829 2687 1004 2759 συντάξεως
1032 2688 1125 2757 ὄντας
1147 2687 1201 2749 καὶ
1222 2686 1299 2769 μετὰ

121 2792 249 2874 κόσμου
283 2794 337 2856 καί
371 2794 632 2875 παραγγέλματος
665 2794 811 2875 πολεμεῖν
844 2793 965 2863 εἰδότας
999 2793 1112 2866 ἀταξία
1145 2794 1300 2875 φθάσασα

122 2899 265 2981 θορυβεῖ.

236 3007 338 3069 [509.
372 3007 602 3089 μαλακωτέρας
633 3006 694 3088 γὰρ
718 3007 856 3088 γίνεσθαι
878 3005 933 3075 τὰς
955 3005 1074 3087 τόλμας
1096 3006 1231 3069 πάθεσιν
1253 3007 1298 3069 ολ-

122 3113 219 3183 κελοις
240 3115 490 3194 περισπωμένας.

233 3219 375 3282 111495.
411 3220 505 3283 οὐδέν
528 3219 588 3302 γὰρ
611 3225 675 3282 τῶν
697 3219 845 3301 μεγάλων
868 3219 951 3300 φιλεῖ
972 3218 1043 3300 δίχα
1067 3218 1217 3282 κινδύνου
1240 3242 1298 3282 κα-

122 3326 322 3408 τορθοῦσθαι
344 3351 379 3380 ω
402 3326 519 3390 V501.

232 3433 373 3496 111478.
409 3432 567 3513 κατορθοῖ
587 3433 621 3496 δὲ
643 3433 716 3503 τοὺς
738 3433 897 3515 πολέμους
919 3433 958 3495 οὐ
973 3432 1097 3515 πλῆθος
1112 3431 1300 3512 ἀνθρώπων

123 3541 186 3603 κᾶν
207 3539 229 3622 ᾗ
250 3541 400 3621 μάχιμον,
424 3539 552 3621 ἀνδρεία
576 3540 610 3603 δὲ
632 3541 693 3602 κᾶν
716 3541 749 3602 ἐν
771 3540 892 3620 ὀλίγοις.
1120 3535 1123 3541 ’

431 3733 515 3816 περὶ
539 3734 720 3817 διαβολῆς
742 3734 804 3797 καὶ
826 3734 988 3815 φθόνου.

233 3859 258 3922 Ι.
291 3863 396 3922 πᾶσαν
434 3861 558 3922 εὔνοιαν
596 3859 650 3922 καί
683 3860 778 3941 φύσιν
811 3859 917 3922 κόπτει
952 3858 1082 3941 διαβολὴ
1118 3858 1171 3922 καί
1205 3858 1300 3922 οὐδὲν

124 3969 227 4037 οὕτως
260 3972 325 4030 τῶν
358 3967 494 4047 ἀγαθῶν
515 3971 638 4032 παθών
661 3966 791 4049 ίσχορδν
813 3968 832 4030 ὃ
858 3971 904 4048 τῷ
927 3966 1045 4048 φθόνῳ
1067 3967 1161 4049 μέχρι
1182 3966 1300 4038 παντός

122 4074 250 4156 ἀντέχει.
285 4073 339 4155 (cf.
356 4069 501 4139 Stobaei
524 4073 700 4138 ec1.1155
723 4101 759 4131 ω
782 4073 845 4157 79.)

232 4181 336 4245 1208.
371 4182 538 4264 ἀμήχανον
560 4181 594 4244 έν
616 4181 798 4262 εὐπραγίαις
818 4181 873 4244 τὸν
891 4180 1018 4263 φθόνον
1041 4179 1212 4264 διαφυγεῖν.
