3120 4958
805 334 1003 395 ‚4-

320 563 401 607 cum
423 539 530 608 iidem
556 539 623 608 loci
647 565 751 629 saepe
774 541 809 608 in
835 541 964 610 scholis
986 541 1123 630 pertriti
1146 541 1226 627 sint,
1250 554 1291 610 ut
1313 541 1343 609 is
1366 542 1425 630 qui
1444 542 1489 609 iis

320 659 484 733 uteretur,
512 647 573 716 vix
600 649 787 716 lectionem
816 648 1024 736 scriptorum
1047 650 1212 739 ipsorum,
1236 674 1257 717 a
1280 649 1407 736 quibus
1432 652 1490 716 de-

269 837 271 841 ,
318 755 450 842 sumpti
478 767 586 840 erant,
614 755 651 822 in
679 755 884 823 memoriam
912 755 978 823 sibi
1002 767 1188 824 revocaret
1236 759 1348 823 Multo
1371 755 1489 844 magis

320 874 439 931 autem
471 885 576 930 usum
608 873 644 930 et
677 886 790 950 genus
818 863 957 931 dicendi
986 874 1021 931 et
1045 863 1217 931 tractandi
1241 862 1489 951 adhibitasque

318 971 487 1037 formulas
522 969 669 1058 Josephi
702 970 871 1059 exemplis
903 971 1070 1038 declarari
1103 982 1139 1038 et
1171 970 1351 1058 explanari
1385 993 1490 1057 posse

319 1099 444 1144 censeo
467 1076 510 1144 iis
538 1100 629 1165 quae
656 1101 676 1144 e
702 1077 858 1164 priorum
882 1087 945 1146 aut
967 1076 1199 1167 posteriorum
1223 1077 1361 1165 scriptis
1385 1089 1421 1144 et
1444 1101 1489 1144 ex

318 1182 379 1250 illa
403 1196 518 1252 aetate
541 1196 625 1252 sunt
648 1195 796 1272 sumpta
843 1187 1029 1271 Quomodo
1053 1184 1095 1252 tit
1118 1195 1158 1251 ut
1180 1186 1276 1251 haud
1292 1183 1489 1272 quisquam,

320 1292 431 1376 credo,
464 1291 618 1375 miretur,
650 1293 743 1378 quod
775 1294 882 1359 verba
915 1292 1156 1379 dictionesque
1186 1303 1374 1379 argenteae
1397 1314 1489 1378 quae

320 1408 467 1465 vocatur
487 1397 674 1466 latinitatis
698 1400 901 1483 afferuntur,
924 1422 994 1486 qua
1016 1399 1053 1466 in
1070 1422 1107 1465 re
1131 1398 1272 1486 quidem
1296 1398 1411 1485 magis
1434 1410 1490 1465 est

320 1506 446 1573 modus
470 1507 691 1593 quaerendus
714 1528 820 1593 quam
844 1506 953 1593 copia.

426 1615 527 1697 Quae
550 1611 717 1700 quoniam
741 1612 777 1678 in
802 1612 1006 1680 universum
1030 1615 1073 1680 de
1096 1612 1233 1700 origine
1249 1624 1285 1679 et
1301 1615 1398 1679 fonte
1413 1636 1489 1680 ver-

319 1720 444 1786 borum
476 1718 734 1807 praemittenda
765 1719 853 1785 mihi
885 1743 961 1786 esse
993 1721 1126 1808 putavi,
1154 1742 1250 1786 nunc
1279 1732 1418 1786 transeo
1442 1721 1487 1785 ad

319 1824 538 1914 propositum
561 1825 687 1914 ipsum,
711 1838 885 1913 quatenus
907 1828 1085 1913 Josephus
1108 1837 1144 1892 et
1167 1827 1323 1892 rhetores
1348 1825 1384 1892 in
1409 1848 1489 1893 con-

322 1933 437 1999 dendo
454 1933 766 2021 componendoque
782 1955 885 2020 opere
901 1945 1012 2000 artem
1027 1932 1237 1999 rhetoricam
1254 1930 1487 1999 adhibuerint

318 2041 437 2127 Atque
469 2062 549 2106 cum
581 2040 717 2106 duabus
745 2063 765 2105 e
792 2041 896 2106 rebus
927 2051 1063 2106 constet
1087 2062 1184 2128 opus,
1208 2063 1251 2106 ex
1276 2050 1488 2126 argumento

321 2158 357 2214 et
379 2148 499 2231 forma,
522 2146 675 2235 primum

759 2348 804 2415 de
828 2349 1042 2432 argumento

321 2486 489 2555 disseram
523 2499 559 2555 et
592 2487 753 2575 singulos
788 2491 882 2555 locos
913 2487 1078 2572 tractab0,
1108 2486 1168 2574 qui
1197 2487 1240 2554 ab
1268 2485 1489 2553 historicise

320 2595 424 2661 rebus
452 2594 562 2681 gestis
591 2594 715 2662 delecti
744 2607 780 2662 et
807 2593 929 2662 inserti
957 2596 1097 2662 scholae
1125 2593 1319 2683 praeceptis
1348 2605 1383 2660 et
1407 2593 1487 2659 usui

321 2704 541 2788 aptabantur.

426 2810 478 2875 Ac
493 2807 646 2895 primum
663 2809 804 2897 quidem
819 2810 890 2876 huc
905 2820 1048 2896 spectat,
1065 2810 1158 2896 quod
1174 2807 1295 2896 paucis
1311 2806 1489 2893 attingere

320 2914 409 2982 mihi
432 2915 544 3001 liceat,

604 3113 835 3197 prooemium
859 3114 982 3196 opens
1006 3114 1045 3199 (Ι,
1070 3113 1204 3198 1-30),

322 3257 415 3344 quod
450 3278 495 3323 ex
528 3277 595 3322 usu
623 3254 781 3322 omnium
808 3257 880 3322 iere
908 3254 1116 3342 scriptorum
1144 3253 1245 3321 aliter
1273 3277 1314 3320 ac
1336 3252 1488 3341 reliquas

321 3375 438 3450 partes
466 3363 581 3450 operis
609 3361 780 3430 tralaticia
790 3365 813 3446 ¹)
837 3365 988 3450 quadam
1012 3362 1148 3430 ratione
1170 3372 1388 3428 exstructum
1411 3384 1488 3428 esse

323 3493 403 3537 cum
427 3481 566 3538 constat
589 3481 665 3537 tum
689 3493 732 3536 ex
759 3468 820 3536 illa
844 3468 1088 3537 dissertatione
1105 3467 1348 3554 Lieberichii2)
1372 3478 1489 3555 potest

322 3577 497 3665 cognosci,
532 3576 591 3664 qui
627 3575 868 3664 quaestionem
902 3588 1141 3664 perscrutatus
1170 3574 1317 3663 Josephi
1348 3597 1488 3661 quoque

321 3685 413 3752 bello
435 3683 585 3769 Judaico
608 3683 767 3750 adhibito
790 3695 884 3751 recte
906 3706 994 3771 quos
1017 3685 1112 3750 locos
1135 3707 1156 3749 a
1171 3681 1390 3767 Thucydidis
1413 3680 1489 3747 imi-

322 3790 465 3875 tatione,
493 3813 581 3878 quos
609 3813 652 3857 ex
680 3813 748 3857 usu
775 3790 972 3877 sumpserit,
1000 3813 1088 3877 quos
1116 3789 1308 3873 novaverit,
1336 3788 1488 3875 denique

322 3897 382 3986 qui
406 3896 437 3965 ei
462 3920 541 3963 cum
565 3895 642 3963 aliis
666 3896 892 3984 scriptoribus
917 3919 1120 3964 communes
1140 3896 1220 3980 sint,
1243 3894 1414 3962 eiusmodi
1431 3918 1489 3961 ex-

433 4099 458 4178 ¹)
482 4099 613 4169 Norden,
638 4101 744 4158 Antike
768 4101 956 4176 Kunstprosa
978 4121 1008 4176 p.
1034 4099 1108 4161 432.

430 4188 459 4272 ²)
481 4189 1384 4266 StudienzurGeschichtedesgriech.Prodmiums‚M1'inchen
1395 4186 1489 4249 1898.
