<?xml version="1.0" encoding="UTF-8"?>
<!DOCTYPE html PUBLIC "-//W3C//DTD XHTML 1.0 Transitional//EN"
    "http://www.w3.org/TR/xhtml1/DTD/xhtml1-transitional.dtd">
<html xmlns="http://www.w3.org/1999/xhtml" xml:lang="en" lang="en">
 <head>
  <title>
</title>
<meta http-equiv="Content-Type" content="text/html;charset=utf-8" />
  <meta name='ocr-system' content='tesseract 3.04.00' />
  <meta name='ocr-capabilities' content='ocr_page ocr_carea ocr_par ocr_line ocrx_word'/>
</head>
<body>
  <div class='ocr_page' id='page_1' title='image "./deflaviiiosephi01wolfgoog_0081.png"; bbox 0 0 3120 4958; ppageno 0'>
   <div class='ocr_carea' id='block_1_1' title="bbox 661 335 882 399">
    <p class='ocr_par' dir='ltr' id='par_1_1' title="bbox 661 335 882 399">
     <span class='ocr_line' id='line_1_1' title="bbox 661 335 882 399; baseline 0 -19"><span class='ocrx_word' id='word_1_1' title='bbox 661 335 882 399; x_wconf 79' lang='lat'>-74-</span> 
     </span>
    </p>
   </div>
   <div class='ocr_carea' id='block_1_2' title="bbox 189 547 1372 934">
    <p class='ocr_par' dir='ltr' id='par_1_2' title="bbox 294 547 700 628">
     <span class='ocr_line' id='line_1_2' title="bbox 294 547 700 628; baseline 0.002 -18"><span class='ocrx_word' id='word_1_2' title='bbox 294 549 411 628; x_wconf 86' lang='grc' dir='ltr'><em>ὥσπερ</em></span> <span class='ocrx_word' id='word_1_3' title='bbox 435 547 555 612; x_wconf 78' lang='grc' dir='ltr'><em>εἴδωλα</em></span> <span class='ocrx_word' id='word_1_4' title='bbox 583 547 700 611; x_wconf 85' lang='lat' dir='ltr'><strong>V513.</strong></span> 
     </span>
    </p>

    <p class='ocr_par' dir='ltr' id='par_1_3' title="bbox 293 654 821 740">
     <span class='ocr_line' id='line_1_3' title="bbox 293 654 821 740; baseline -0.002 -22"><span class='ocrx_word' id='word_1_5' title='bbox 293 654 370 724; x_wconf 76' lang='grc' dir='ltr'><em>θεὸς</em></span> <span class='ocrx_word' id='word_1_6' title='bbox 393 655 511 735; x_wconf 85' lang='grc' dir='ltr'><em>ὥσπερ</em></span> <span class='ocrx_word' id='word_1_7' title='bbox 534 654 676 740; x_wconf 77' lang='grc' dir='ltr'><em>χορηγός</em></span> <span class='ocrx_word' id='word_1_8' title='bbox 699 655 733 716; x_wconf 90' lang='grc' dir='ltr'>ΙΙ</span> <span class='ocrx_word' id='word_1_9' title='bbox 752 656 821 717; x_wconf 88' lang='grc'><strong>131.</strong></span> 
     </span>
    </p>

    <p class='ocr_par' dir='ltr' id='par_1_4' title="bbox 189 758 1372 934">
     <span class='ocr_line' id='line_1_4' title="bbox 292 758 1372 843; baseline 0.001 -20"><span class='ocrx_word' id='word_1_10' title='bbox 292 761 349 843; x_wconf 87' lang='grc' dir='ltr'>τὴν</span> <span class='ocrx_word' id='word_1_11' title='bbox 372 761 515 825; x_wconf 72' lang='grc' dir='ltr'><em>διάθεσιν</em></span> <span class='ocrx_word' id='word_1_12' title='bbox 541 761 596 824; x_wconf 78' lang='grc' dir='ltr'><em>καὶ</em></span> <span class='ocrx_word' id='word_1_13' title='bbox 618 761 732 843; x_wconf 78' lang='grc' dir='ltr'><em>φωνὴν</em></span> <span class='ocrx_word' id='word_1_14' title='bbox 758 760 846 824; x_wconf 75' lang='grc' dir='ltr'><em>Τλτου</em></span> <span class='ocrx_word' id='word_1_15' title='bbox 870 761 987 842; x_wconf 83' lang='grc' dir='ltr'><em>ὥσπερ</em></span> <span class='ocrx_word' id='word_1_16' title='bbox 1010 760 1186 842; x_wconf 79' lang='grc' dir='ltr'><em>ἐπιτάφιον</em></span> <span class='ocrx_word' id='word_1_17' title='bbox 1207 758 1372 841; x_wconf 80' lang='grc' dir='ltr'><em>λαμπρὸν</em></span> 
     </span>
     <span class='ocr_line' id='line_1_5' title="bbox 189 869 330 934; baseline -0.014 0"><span class='ocrx_word' id='word_1_18' title='bbox 189 869 239 934; x_wconf 93' lang='lat' dir='ltr'>VI</span> <span class='ocrx_word' id='word_1_19' title='bbox 260 871 330 932; x_wconf 85' lang='grc'><strong>184.</strong></span> 
     </span>
    </p>
   </div>
   <div class='ocr_carea' id='block_1_3' title="bbox 296 989 734 1079">
    <p class='ocr_par' dir='ltr' id='par_1_5' title="bbox 296 989 734 1079">
     <span class='ocr_line' id='line_1_6' title="bbox 296 989 734 1079; baseline 0 -23"><span class='ocrx_word' id='word_1_20' title='bbox 296 991 328 1079; x_wconf 87' lang='grc'>5)</span> <span class='ocrx_word' id='word_1_21' title='bbox 352 1014 372 1057; x_wconf 90' lang='lat' dir='ltr'>e</span> <span class='ocrx_word' id='word_1_22' title='bbox 394 992 499 1058; x_wconf 88' lang='lat' dir='ltr'>rebus</span> <span class='ocrx_word' id='word_1_23' title='bbox 521 989 734 1058; x_wconf 86' lang='lat' dir='ltr'>militaribus</span> 
     </span>
    </p>
   </div>
   <div class='ocr_carea' id='block_1_4' title="bbox 187 1114 1370 2711">
    <p class='ocr_par' dir='ltr' id='par_1_6' title="bbox 189 1114 1370 1415">
     <span class='ocr_line' id='line_1_7' title="bbox 294 1114 1368 1200; baseline -0.002 -20"><span class='ocrx_word' id='word_1_24' title='bbox 294 1125 374 1188; x_wconf 84' lang='grc' dir='ltr'><strong><em>ναῦς</em></strong></span> <span class='ocrx_word' id='word_1_25' title='bbox 402 1120 517 1200; x_wconf 85' lang='grc' dir='ltr'><em>ὥσπερ</em></span> <span class='ocrx_word' id='word_1_26' title='bbox 541 1118 672 1200; x_wconf 82' lang='grc' dir='ltr'><em>φάλαγξ</em></span> <span class='ocrx_word' id='word_1_27' title='bbox 696 1118 844 1181; x_wconf 85' lang='grc'><strong>111469.</strong></span> <span class='ocrx_word' id='word_1_28' title='bbox 884 1118 1006 1199; x_wconf 86' lang='grc' dir='ltr'><em>ὥσπερ</em></span> <span class='ocrx_word' id='word_1_29' title='bbox 1029 1114 1264 1198; x_wconf 77' lang='grc' dir='ltr'><em>ἔπιτελχισμαΙ</em></span> <span class='ocrx_word' id='word_1_30' title='bbox 1291 1117 1368 1179; x_wconf 82' lang='grc'><strong>448.</strong></span> 
     </span>
     <span class='ocr_line' id='line_1_8' title="bbox 189 1221 1370 1308; baseline -0.003 -19"><span class='ocrx_word' id='word_1_31' title='bbox 189 1225 306 1306; x_wconf 84' lang='grc' dir='ltr'><em>ὥσπερ</em></span> <span class='ocrx_word' id='word_1_32' title='bbox 329 1226 478 1307; x_wconf 78' lang='grc' dir='ltr'><em>φρουρίῳ</em></span> <span class='ocrx_word' id='word_1_33' title='bbox 502 1225 643 1290; x_wconf 80' lang='grc'><strong>111511.</strong></span> <span class='ocrx_word' id='word_1_34' title='bbox 679 1225 795 1305; x_wconf 84' lang='grc' dir='ltr'><em>ὥσπερ</em></span> <span class='ocrx_word' id='word_1_35' title='bbox 820 1223 870 1288; x_wconf 80' lang='grc' dir='ltr'>διὰ</span> <span class='ocrx_word' id='word_1_36' title='bbox 895 1224 1114 1304; x_wconf 79' lang='grc' dir='ltr'><em>παρατάξεως</em></span> <span class='ocrx_word' id='word_1_37' title='bbox 1136 1223 1230 1308; x_wconf 82' lang='grc' dir='ltr'><em>φόνῳ</em></span> <span class='ocrx_word' id='word_1_38' title='bbox 1252 1221 1370 1304; x_wconf 81' lang='grc' dir='ltr'><em>μυρίῳ</em></span> 
     </span>
     <span class='ocr_line' id='line_1_9' title="bbox 190 1333 572 1415; baseline -0.003 -19"><span class='ocrx_word' id='word_1_39' title='bbox 190 1333 453 1415; x_wconf 78' lang='grc' dir='ltr'><em>γεγυμνασμένης</em></span> <span class='ocrx_word' id='word_1_40' title='bbox 476 1333 508 1397; x_wconf 93' lang='lat' dir='ltr'>V</span> <span class='ocrx_word' id='word_1_41' title='bbox 525 1334 572 1395; x_wconf 82' lang='lat'>12.</span> 
     </span>
    </p>

    <p class='ocr_par' dir='ltr' id='par_1_7' title="bbox 297 1452 711 1540">
     <span class='ocr_line' id='line_1_10' title="bbox 297 1452 711 1540; baseline -0.002 -21"><span class='ocrx_word' id='word_1_42' title='bbox 297 1454 329 1540; x_wconf 90' lang='grc'>6)</span> <span class='ocrx_word' id='word_1_43' title='bbox 354 1476 373 1519; x_wconf 91' lang='lat' dir='ltr'>e</span> <span class='ocrx_word' id='word_1_44' title='bbox 396 1455 500 1519; x_wconf 88' lang='lat' dir='ltr'>rebus</span> <span class='ocrx_word' id='word_1_45' title='bbox 524 1452 711 1520; x_wconf 88' lang='lat' dir='ltr'>navalibus</span> 
     </span>
    </p>

    <p class='ocr_par' dir='ltr' id='par_1_8' title="bbox 187 1578 1370 1857">
     <span class='ocr_line' id='line_1_11' title="bbox 295 1578 1369 1663; baseline -0.002 -19"><span class='ocrx_word' id='word_1_46' title='bbox 295 1581 343 1657; x_wconf 87' lang='grc' dir='ltr'><em>ὡς</em></span> <span class='ocrx_word' id='word_1_47' title='bbox 377 1582 477 1661; x_wconf 84' lang='grc' dir='ltr'><em>ἔγωγε</em></span> <span class='ocrx_word' id='word_1_48' title='bbox 508 1580 563 1644; x_wconf 75' lang='grc' dir='ltr'><em>καὶ</em></span> <span class='ocrx_word' id='word_1_49' title='bbox 598 1581 791 1663; x_wconf 79' lang='grc' dir='ltr'><em>κυβερνήτην</em></span> <span class='ocrx_word' id='word_1_50' title='bbox 825 1581 967 1663; x_wconf 77' lang='grc' dir='ltr'><em>ἠγοῦμαι</em></span> <span class='ocrx_word' id='word_1_51' title='bbox 995 1579 1169 1643; x_wconf 81' lang='grc' dir='ltr'><em>δειλότατον</em></span> <span class='ocrx_word' id='word_1_52' title='bbox 1196 1578 1280 1649; x_wconf 84' lang='grc' dir='ltr'><em>ὅστις</em></span> <span class='ocrx_word' id='word_1_53' title='bbox 1303 1602 1369 1661; x_wconf 89' lang='grc' dir='ltr'><em>χει-</em></span> 
     </span>
     <span class='ocr_line' id='line_1_12' title="bbox 187 1684 1370 1770; baseline -0.001 -20"><span class='ocrx_word' id='word_1_54' title='bbox 187 1693 283 1770; x_wconf 82' lang='grc' dir='ltr'><em>μῶνα</em></span> <span class='ocrx_word' id='word_1_55' title='bbox 318 1686 471 1756; x_wconf 76' lang='grc' dir='ltr'><em>δεδοικὼς</em></span> <span class='ocrx_word' id='word_1_56' title='bbox 507 1686 576 1767; x_wconf 88' lang='grc' dir='ltr'>πρὸ</span> <span class='ocrx_word' id='word_1_57' title='bbox 610 1693 664 1769; x_wconf 79' lang='grc' dir='ltr'><em>τῆς</em></span> <span class='ocrx_word' id='word_1_58' title='bbox 700 1687 837 1770; x_wconf 63' lang='grc' dir='ltr'><em>θυέλλης</em></span> <span class='ocrx_word' id='word_1_59' title='bbox 871 1684 1042 1770; x_wconf 77' lang='grc' dir='ltr'><em>ἐβάπτισεν</em></span> <span class='ocrx_word' id='word_1_60' title='bbox 1068 1685 1153 1750; x_wconf 77' lang='grc' dir='ltr'><em>ἑκὼν</em></span> <span class='ocrx_word' id='word_1_61' title='bbox 1179 1684 1214 1748; x_wconf 85' lang='grc' dir='ltr'>τὸ</span> <span class='ocrx_word' id='word_1_62' title='bbox 1238 1685 1370 1768; x_wconf 83' lang='grc' dir='ltr'><strong><em>σκάφος</em></strong></span> 
     </span>
     <span class='ocr_line' id='line_1_13' title="bbox 190 1795 332 1857; baseline 0 0"><span class='ocrx_word' id='word_1_63' title='bbox 190 1795 332 1857; x_wconf 86' lang='lat'>111368.</span> 
     </span>
    </p>

    <p class='ocr_par' dir='ltr' id='par_1_9' title="bbox 189 1899 1370 2070">
     <span class='ocr_line' id='line_1_14' title="bbox 296 1899 1370 1983; baseline 0 -20"><span class='ocrx_word' id='word_1_64' title='bbox 296 1901 415 1981; x_wconf 83' lang='grc' dir='ltr'><em>ὥσπερ</em></span> <span class='ocrx_word' id='word_1_65' title='bbox 449 1901 680 1983; x_wconf 69' lang='grc' dir='ltr'><em>χειμαζομένης</em></span> <span class='ocrx_word' id='word_1_66' title='bbox 710 1900 792 1972; x_wconf 85' lang='grc' dir='ltr'><em>νεὼς</em></span> <span class='ocrx_word' id='word_1_67' title='bbox 825 1902 871 1978; x_wconf 87' lang='grc' dir='ltr'><em>εἰς</em></span> <span class='ocrx_word' id='word_1_68' title='bbox 903 1902 943 1982; x_wconf 80' lang='grc' dir='ltr'>ἣν</span> <span class='ocrx_word' id='word_1_69' title='bbox 975 1901 1008 1962; x_wconf 84' lang='grc' dir='ltr'>ἒν</span> <span class='ocrx_word' id='word_1_70' title='bbox 1035 1899 1156 1981; x_wconf 84' lang='grc' dir='ltr'><em>γαλήνη</em></span> <span class='ocrx_word' id='word_1_71' title='bbox 1189 1899 1370 1981; x_wconf 69' lang='grc' dir='ltr'><em>παρῆλθεν</em></span> 
     </span>
     <span class='ocr_line' id='line_1_15' title="bbox 189 2006 330 2070; baseline 0 0"><span class='ocrx_word' id='word_1_72' title='bbox 189 2006 330 2070; x_wconf 84' lang='lat'>111195.</span> 
     </span>
    </p>

    <p class='ocr_par' dir='ltr' id='par_1_10' title="bbox 189 2110 1369 2303">
     <span class='ocr_line' id='line_1_16' title="bbox 296 2110 1369 2195; baseline -0.001 -18"><span class='ocrx_word' id='word_1_73' title='bbox 296 2114 399 2178; x_wconf 85' lang='grc' dir='ltr'><em>καλὸν</em></span> <span class='ocrx_word' id='word_1_74' title='bbox 421 2115 485 2191; x_wconf 80' lang='grc' dir='ltr'><em>ἕως</em></span> <span class='ocrx_word' id='word_1_75' title='bbox 507 2116 549 2177; x_wconf 79' lang='grc' dir='ltr'>ἔτι</span> <span class='ocrx_word' id='word_1_76' title='bbox 572 2114 606 2176; x_wconf 80' lang='grc' dir='ltr'>ἒν</span> <span class='ocrx_word' id='word_1_77' title='bbox 628 2115 724 2195; x_wconf 83' lang='grc' dir='ltr'><em>ὅρμῳ</em></span> <span class='ocrx_word' id='word_1_78' title='bbox 738 2113 774 2177; x_wconf 85' lang='grc' dir='ltr'>τὸ</span> <span class='ocrx_word' id='word_1_79' title='bbox 791 2114 917 2194; x_wconf 81' lang='grc' dir='ltr'><em>σκάφος</em></span> <span class='ocrx_word' id='word_1_80' title='bbox 934 2114 1210 2194; x_wconf 74' lang='grc' dir='ltr'><em>προσκέπτεσθαι</em></span> <span class='ocrx_word' id='word_1_81' title='bbox 1221 2110 1276 2176; x_wconf 86' lang='grc' dir='ltr'>τὸν</span> <span class='ocrx_word' id='word_1_82' title='bbox 1289 2113 1369 2194; x_wconf 78' lang='grc' dir='ltr'><em>μέλ-</em></span> 
     </span>
     <span class='ocr_line' id='line_1_17' title="bbox 189 2210 1368 2303; baseline -0.002 -18"><span class='ocrx_word' id='word_1_83' title='bbox 189 2221 286 2286; x_wconf 82' lang='grc' dir='ltr'><em>λοντα</em></span> <span class='ocrx_word' id='word_1_84' title='bbox 313 2226 456 2303; x_wconf 83' lang='grc' dir='ltr'><em>χειμῶνα</em></span> <span class='ocrx_word' id='word_1_85' title='bbox 482 2210 560 2302; x_wconf 78' lang='grc' dir='ltr'>μηδ’</span> <span class='ocrx_word' id='word_1_86' title='bbox 583 2216 631 2298; x_wconf 79' lang='grc' dir='ltr'><em>εἷς</em></span> <span class='ocrx_word' id='word_1_87' title='bbox 657 2222 759 2302; x_wconf 82' lang='grc' dir='ltr'><em>μέσας</em></span> <span class='ocrx_word' id='word_1_88' title='bbox 785 2219 841 2297; x_wconf 85' lang='grc' dir='ltr'><em>τὰς</em></span> <span class='ocrx_word' id='word_1_89' title='bbox 863 2219 1002 2289; x_wconf 77' lang='grc' dir='ltr'><em>θυέλλας</em></span> <span class='ocrx_word' id='word_1_90' title='bbox 1025 2219 1206 2301; x_wconf 73' lang='grc' dir='ltr'><em>ἀναχθῆναι</em></span> <span class='ocrx_word' id='word_1_91' title='bbox 1229 2218 1265 2281; x_wconf 87' lang='lat'>11</span> <span class='ocrx_word' id='word_1_92' title='bbox 1290 2220 1368 2283; x_wconf 82' lang='lat'><strong>396.</strong></span> 
     </span>
    </p>

    <p class='ocr_par' dir='ltr' id='par_1_11' title="bbox 189 2317 1369 2512">
     <span class='ocr_line' id='line_1_18' title="bbox 295 2317 1369 2409; baseline 0 -18"><span class='ocrx_word' id='word_1_93' title='bbox 295 2333 387 2391; x_wconf 85' lang='grc' dir='ltr'><em>τοῦτο</em></span> <span class='ocrx_word' id='word_1_94' title='bbox 416 2317 446 2390; x_wconf 78' lang='lat' dir='ltr'>d’</span> <span class='ocrx_word' id='word_1_95' title='bbox 462 2327 578 2409; x_wconf 85' lang='grc' dir='ltr'><em>ὥσπερ</em></span> <span class='ocrx_word' id='word_1_96' title='bbox 605 2328 764 2391; x_wconf 80' lang='grc' dir='ltr'><em>τελευταία</em></span> <span class='ocrx_word' id='word_1_97' title='bbox 797 2326 919 2391; x_wconf 77' lang='grc' dir='ltr'><em>θύελλα</em></span> <span class='ocrx_word' id='word_1_98' title='bbox 946 2327 1196 2409; x_wconf 81' lang='grc' dir='ltr'><em>χειμαζομένους</em></span> <span class='ocrx_word' id='word_1_99' title='bbox 1217 2325 1369 2408; x_wconf 68' lang='grc' dir='ltr'><em>ἐβάπτισα</em></span> 
     </span>
     <span class='ocr_line' id='line_1_19' title="bbox 189 2433 601 2512; baseline 0.005 -16"><span class='ocrx_word' id='word_1_100' title='bbox 189 2433 263 2512; x_wconf 86' lang='grc' dir='ltr'><em>τοὺς</em></span> <span class='ocrx_word' id='word_1_101' title='bbox 285 2435 474 2510; x_wconf 79' lang='grc' dir='ltr'><em>νεανίσκους</em></span> <span class='ocrx_word' id='word_1_102' title='bbox 498 2435 601 2498; x_wconf 86' lang='grc'><strong>1535.</strong></span> 
     </span>
    </p>

    <p class='ocr_par' dir='ltr' id='par_1_12' title="bbox 191 2538 1369 2711">
     <span class='ocr_line' id='line_1_20' title="bbox 297 2538 1369 2622; baseline -0.002 -18"><span class='ocrx_word' id='word_1_103' title='bbox 297 2540 415 2604; x_wconf 75' lang='grc' dir='ltr'><em>πολλοὶ</em></span> <span class='ocrx_word' id='word_1_104' title='bbox 449 2541 559 2621; x_wconf 87' lang='grc' dir='ltr'><em>ὥσπερ</em></span> <span class='ocrx_word' id='word_1_105' title='bbox 589 2541 826 2622; x_wconf 82' lang='grc' dir='ltr'><em>βαπτιζομένης</em></span> <span class='ocrx_word' id='word_1_106' title='bbox 849 2539 924 2622; x_wconf 82' lang='grc' dir='ltr'><em>νηός</em></span> <span class='ocrx_word' id='word_1_107' title='bbox 946 2540 1141 2622; x_wconf 72' lang='grc' dir='ltr'><em>ἀπενήχοντο</em></span> <span class='ocrx_word' id='word_1_108' title='bbox 1162 2544 1219 2622; x_wconf 80' lang='grc' dir='ltr'><em>τῆς</em></span> <span class='ocrx_word' id='word_1_109' title='bbox 1240 2538 1369 2610; x_wconf 80' lang='grc' dir='ltr'><em>πόλεως</em></span> 
     </span>
     <span class='ocr_line' id='line_1_21' title="bbox 191 2648 317 2711; baseline 0 0"><span class='ocrx_word' id='word_1_110' title='bbox 191 2648 317 2711; x_wconf 85' lang='lat'>11556.</span> 
     </span>
    </p>
   </div>
   <div class='ocr_carea' id='block_1_5' title="bbox 190 2765 1370 3156">
    <p class='ocr_par' dir='ltr' id='par_1_13' title="bbox 190 2765 1370 3156">
     <span class='ocr_line' id='line_1_22' title="bbox 299 2765 1369 2855; baseline 0.001 -21"><span class='ocrx_word' id='word_1_111' title='bbox 299 2791 387 2855; x_wconf 87' lang='lat' dir='ltr'>quas</span> <span class='ocrx_word' id='word_1_112' title='bbox 410 2768 582 2835; x_wconf 83' lang='lat' dir='ltr'>dictiones</span> <span class='ocrx_word' id='word_1_113' title='bbox 606 2792 625 2835; x_wconf 89' lang='lat' dir='ltr'>e</span> <span class='ocrx_word' id='word_1_114' title='bbox 648 2767 723 2836; x_wconf 91' lang='lat' dir='ltr'>vita</span> <span class='ocrx_word' id='word_1_115' title='bbox 745 2768 864 2835; x_wconf 88' lang='lat' dir='ltr'>navali</span> <span class='ocrx_word' id='word_1_116' title='bbox 889 2770 1036 2835; x_wconf 89' lang='lat' dir='ltr'>haustas</span> <span class='ocrx_word' id='word_1_117' title='bbox 1055 2765 1241 2854; x_wconf 89' lang='lat' dir='ltr'>praecipue</span> <span class='ocrx_word' id='word_1_118' title='bbox 1259 2768 1369 2835; x_wconf 86' lang='lat' dir='ltr'>Athe-</span> 
     </span>
     <span class='ocr_line' id='line_1_23' title="bbox 190 2875 1367 2962; baseline -0.002 -19"><span class='ocrx_word' id='word_1_119' title='bbox 190 2875 331 2943; x_wconf 89' lang='lat' dir='ltr'>nienses</span> <span class='ocrx_word' id='word_1_120' title='bbox 366 2877 464 2943; x_wconf 90' lang='lat' dir='ltr'>velut</span> <span class='ocrx_word' id='word_1_121' title='bbox 488 2876 765 2942; x_wconf 87' lang='lat' dir='ltr'>Demosthenem</span> <span class='ocrx_word' id='word_1_122' title='bbox 790 2876 946 2962; x_wconf 87' lang='lat' dir='ltr'>[Olynth.</span> <span class='ocrx_word' id='word_1_123' title='bbox 972 2877 1026 2940; x_wconf 91' lang='lat' dir='ltr'>III</span> <span class='ocrx_word' id='word_1_124' title='bbox 1052 2878 1094 2940; x_wconf 90' lang='grc'>69</span> <span class='ocrx_word' id='word_1_125' title='bbox 1122 2875 1167 2941; x_wconf 91' lang='lat' dir='ltr'>de</span> <span class='ocrx_word' id='word_1_126' title='bbox 1196 2895 1262 2940; x_wconf 91' lang='lat' dir='ltr'>cor.</span> <span class='ocrx_word' id='word_1_127' title='bbox 1290 2875 1367 2962; x_wconf 80' lang='lat'>194]</span> 
     </span>
     <span class='ocr_line' id='line_1_24' title="bbox 190 2980 1370 3069; baseline -0.003 -19"><span class='ocrx_word' id='word_1_128' title='bbox 190 2981 393 3066; x_wconf 83' lang='lat' dir='ltr'>excoluisse,</span> <span class='ocrx_word' id='word_1_129' title='bbox 428 2981 556 3048; x_wconf 89' lang='lat' dir='ltr'>deinde</span> <span class='ocrx_word' id='word_1_130' title='bbox 589 2983 747 3049; x_wconf 88' lang='lat' dir='ltr'>rhetores</span> <span class='ocrx_word' id='word_1_131' title='bbox 781 2981 1037 3069; x_wconf 88' lang='lat' dir='ltr'>scriptoresque</span> <span class='ocrx_word' id='word_1_132' title='bbox 1064 2980 1275 3069; x_wconf 89' lang='lat' dir='ltr'>posteriores</span> <span class='ocrx_word' id='word_1_133' title='bbox 1307 2981 1370 3047; x_wconf 92' lang='lat' dir='ltr'>ad·</span> 
     </span>
     <span class='ocr_line' id='line_1_25' title="bbox 190 3087 620 3156; baseline 0.002 -1"><span class='ocrx_word' id='word_1_134' title='bbox 190 3087 349 3155; x_wconf 90' lang='lat' dir='ltr'>hibuisse</span> <span class='ocrx_word' id='word_1_135' title='bbox 372 3111 476 3156; x_wconf 89' lang='lat' dir='ltr'>nemo</span> <span class='ocrx_word' id='word_1_136' title='bbox 500 3088 620 3156; x_wconf 87' lang='lat' dir='ltr'>nescit</span> 
     </span>
    </p>
   </div>
   <div class='ocr_carea' id='block_1_6' title="bbox 191 3247 1369 3549">
    <p class='ocr_par' dir='ltr' id='par_1_14' title="bbox 191 3247 1369 3549">
     <span class='ocr_line' id='line_1_26' title="bbox 297 3247 1368 3336; baseline -0.003 -19"><span class='ocrx_word' id='word_1_137' title='bbox 297 3247 598 3317; x_wconf 74' lang='lat' dir='ltr'>similitudinibus</span> <span class='ocrx_word' id='word_1_138' title='bbox 621 3261 741 3316; x_wconf 88' lang='lat' dir='ltr'>autem</span> <span class='ocrx_word' id='word_1_139' title='bbox 764 3260 850 3315; x_wconf 90' lang='lat' dir='ltr'>sunt</span> <span class='ocrx_word' id='word_1_140' title='bbox 872 3270 944 3316; x_wconf 90' lang='lat' dir='ltr'>non</span> <span class='ocrx_word' id='word_1_141' title='bbox 968 3249 1073 3315; x_wconf 92' lang='lat' dir='ltr'>modo</span> <span class='ocrx_word' id='word_1_142' title='bbox 1097 3269 1235 3336; x_wconf 84' lang='lat' dir='ltr'>genere,</span> <span class='ocrx_word' id='word_1_143' title='bbox 1269 3249 1368 3334; x_wconf 90' lang='lat' dir='ltr'>quod</span> 
     </span>
     <span class='ocr_line' id='line_1_27' title="bbox 191 3352 1369 3443; baseline 0 -21"><span class='ocrx_word' id='word_1_144' title='bbox 191 3355 227 3423; x_wconf 89' lang='lat' dir='ltr'>in</span> <span class='ocrx_word' id='word_1_145' title='bbox 263 3367 412 3443; x_wconf 88' lang='lat' dir='ltr'>utroque</span> <span class='ocrx_word' id='word_1_146' title='bbox 446 3355 536 3422; x_wconf 84' lang='lat' dir='ltr'>aliae</span> <span class='ocrx_word' id='word_1_147' title='bbox 570 3378 624 3422; x_wconf 91' lang='lat' dir='ltr'>res</span> <span class='ocrx_word' id='word_1_148' title='bbox 659 3357 702 3422; x_wconf 89' lang='lat' dir='ltr'>ad</span> <span class='ocrx_word' id='word_1_149' title='bbox 739 3356 1014 3442; x_wconf 89' lang='lat' dir='ltr'>comparandum</span> <span class='ocrx_word' id='word_1_150' title='bbox 1045 3352 1267 3438; x_wconf 87' lang='lat' dir='ltr'>adhibentur,</span> <span class='ocrx_word' id='word_1_151' title='bbox 1302 3355 1369 3422; x_wconf 89' lang='lat' dir='ltr'>sed</span> 
     </span>
     <span class='ocr_line' id='line_1_28' title="bbox 191 3461 685 3549; baseline -0.006 -18"><span class='ocrx_word' id='word_1_152' title='bbox 191 3461 299 3531; x_wconf 88' lang='lat' dir='ltr'>etiam</span> <span class='ocrx_word' id='word_1_153' title='bbox 323 3473 535 3549; x_wconf 85' lang='lat' dir='ltr'>argumento</span> <span class='ocrx_word' id='word_1_154' title='bbox 559 3461 685 3529; x_wconf 74' lang='lat' dir='ltr'>aflines</span> 
     </span>
    </p>
   </div>
   <div class='ocr_carea' id='block_1_7' title="bbox 642 3711 916 3793">
    <p class='ocr_par' dir='ltr' id='par_1_15' title="bbox 642 3711 916 3793">
     <span class='ocr_line' id='line_1_29' title="bbox 642 3711 916 3793; baseline 0 -14"><span class='ocrx_word' id='word_1_155' title='bbox 642 3711 916 3793; x_wconf 72' lang='lat' dir='ltr'>translationes,</span> 
     </span>
    </p>
   </div>
   <div class='ocr_carea' id='block_1_8' title="bbox 79 3836 1369 4263">
    <p class='ocr_par' dir='ltr' id='par_1_16' title="bbox 79 3836 1369 4263">
     <span class='ocr_line' id='line_1_30' title="bbox 79 3836 1369 3940; baseline 0.002 -22"><span class='ocrx_word' id='word_1_156' title='bbox 79 3836 84 3853; x_wconf 74' lang='grc'><em>’</em></span> <span class='ocrx_word' id='word_1_157' title='bbox 192 3874 282 3940; x_wconf 84' lang='lat' dir='ltr'>quae</span> <span class='ocrx_word' id='word_1_158' title='bbox 305 3872 385 3918; x_wconf 92' lang='lat' dir='ltr'>cum</span> <span class='ocrx_word' id='word_1_159' title='bbox 409 3874 453 3919; x_wconf 88' lang='lat' dir='ltr'>ex</span> <span class='ocrx_word' id='word_1_160' title='bbox 476 3851 600 3919; x_wconf 90' lang='lat' dir='ltr'>iisdem</span> <span class='ocrx_word' id='word_1_161' title='bbox 625 3854 696 3919; x_wconf 86' lang='lat' dir='ltr'>lere</span> <span class='ocrx_word' id='word_1_162' title='bbox 719 3851 877 3919; x_wconf 84' lang='lat' dir='ltr'>fontibus</span> <span class='ocrx_word' id='word_1_163' title='bbox 901 3862 1006 3940; x_wconf 86' lang='lat' dir='ltr'>atque</span> <span class='ocrx_word' id='word_1_164' title='bbox 1026 3851 1277 3921; x_wconf 88' lang='lat' dir='ltr'>similitudines</span> <span class='ocrx_word' id='word_1_165' title='bbox 1293 3852 1369 3921; x_wconf 88' lang='lat' dir='ltr'>sint</span> 
     </span>
     <span class='ocr_line' id='line_1_31' title="bbox 192 3958 1367 4047; baseline -0.001 -20"><span class='ocrx_word' id='word_1_166' title='bbox 192 3961 349 4041; x_wconf 74' lang='lat' dir='ltr'>haustae,</span> <span class='ocrx_word' id='word_1_167' title='bbox 384 3980 489 4044; x_wconf 87' lang='lat' dir='ltr'>saepe</span> <span class='ocrx_word' id='word_1_168' title='bbox 523 3971 661 4026; x_wconf 91' lang='lat' dir='ltr'>etcum</span> <span class='ocrx_word' id='word_1_169' title='bbox 686 3958 938 4046; x_wconf 89' lang='lat' dir='ltr'>posterioribus</span> <span class='ocrx_word' id='word_1_170' title='bbox 961 3959 1191 4047; x_wconf 87' lang='lat' dir='ltr'>scriptoribus</span> <span class='ocrx_word' id='word_1_171' title='bbox 1213 3981 1367 4047; x_wconf 89' lang='lat' dir='ltr'>quorum</span> 
     </span>
     <span class='ocr_line' id='line_1_32' title="bbox 192 4065 1366 4152; baseline 0 -19"><span class='ocrx_word' id='word_1_172' title='bbox 192 4065 354 4151; x_wconf 87' lang='lat' dir='ltr'>exempla</span> <span class='ocrx_word' id='word_1_173' title='bbox 388 4089 409 4132; x_wconf 89' lang='lat' dir='ltr'>a</span> <span class='ocrx_word' id='word_1_174' title='bbox 432 4065 614 4134; x_wconf 88' lang='lat' dir='ltr'>Schmidio</span> <span class='ocrx_word' id='word_1_175' title='bbox 649 4066 882 4148; x_wconf 85' lang='lat' dir='ltr'>(Atticismus)</span> <span class='ocrx_word' id='word_1_176' title='bbox 918 4068 1064 4134; x_wconf 86' lang='lat' dir='ltr'>collecta</span> <span class='ocrx_word' id='word_1_177' title='bbox 1097 4077 1190 4152; x_wconf 78' lang='lat' dir='ltr'>sunt,</span> <span class='ocrx_word' id='word_1_178' title='bbox 1223 4077 1366 4134; x_wconf 90' lang='lat' dir='ltr'>etcum</span> 
     </span>
     <span class='ocr_line' id='line_1_33' title="bbox 192 4171 1368 4263; baseline 0.003 -25"><span class='ocrx_word' id='word_1_179' title='bbox 192 4171 366 4260; x_wconf 91' lang='lat' dir='ltr'>prioribus</span> <span class='ocrx_word' id='word_1_180' title='bbox 401 4173 637 4260; x_wconf 84' lang='lat' dir='ltr'>consentiunt,</span> <span class='ocrx_word' id='word_1_181' title='bbox 669 4196 758 4262; x_wconf 91' lang='lat' dir='ltr'>quos</span> <span class='ocrx_word' id='word_1_182' title='bbox 790 4175 834 4241; x_wconf 90' lang='lat' dir='ltr'>ad</span> <span class='ocrx_word' id='word_1_183' title='bbox 869 4174 1134 4263; x_wconf 86' lang='lat' dir='ltr'>explanandum</span> <span class='ocrx_word' id='word_1_184' title='bbox 1166 4174 1368 4261; x_wconf 89' lang='lat' dir='ltr'>Josephum</span> 
     </span>
    </p>
   </div>
   <div class='ocr_carea' id='block_1_9' title="bbox 0 0 1566 4958">
    <p class='ocr_par' dir='ltr' id='par_1_17' title="bbox 0 0 1566 4958">
     <span class='ocr_line' id='line_1_34' title="bbox 0 0 1566 4958; baseline 0 0"><span class='ocrx_word' id='word_1_185' title='bbox 0 0 1566 4958; x_wconf 95' lang='lat' dir='ltr'> </span> 
     </span>
    </p>
   </div>
  </div>
 </body>
</html>
